!Option:AutoSwitch
!Clear:AutoSwitch
!Account
NPrimary Checking
TBank
DMain checking account for daily expenses
^
!Account
NEmergency Savings
TBank
DEmergency fund savings
^
!Account
NChase Sapphire
TCCard
DPrimary credit card
^
!Account
NPetty Cash
TCash
DCash on hand
^
!Account
NFidelity Brokerage
TInvst
DTaxable brokerage account
^
!Account
N401k - Employer
TInvst
DEmployer 401k retirement account
^
!Account
NRoth IRA
TInvst
DRoth IRA retirement account
^
!Type:Cat
NIncome:Salary
DRegular employment income
T
I
RW-2
^
NIncome:Bonus
DEmployment bonuses
T
I
RW-2
^
NIncome:Dividends
DStock dividends
T
I
R1099-DIV
^
NIncome:Interest
DBank interest
T
I
R1099-INT
^
NIncome:Capital Gains
DInvestment gains
T
I
R1099-B
^
NIncome:Gifts
DGifts received
I
^
NIncome:Refunds
DTax refunds and rebates
I
^
NHousing:Rent
DMonthly rent payment
B2000
^
NHousing:Mortgage
DMortgage payment
T
R1098
^
NHousing:Insurance
DHome insurance
B150
^
NHousing:Property Tax
DProperty taxes
T
^
NHousing:Maintenance
DHome repairs and maintenance
B200
^
NUtilities:Electric
DElectric bill
B120
^
NUtilities:Gas
DGas/heating bill
B80
^
NUtilities:Water
DWater and sewer
B50
^
NUtilities:Internet
DInternet service
B80
^
NUtilities:Phone
DMobile phone
B100
^
NUtilities:Streaming
DStreaming services
B50
^
NFood:Groceries
DGrocery shopping
B600
^
NFood:Dining
DRestaurants and takeout
B300
^
NFood:Coffee
DCoffee shops
B50
^
NFood:Alcohol
DBeer, wine, spirits
B100
^
NTransportation:Gas
DVehicle fuel
B200
^
NTransportation:Insurance
DAuto insurance
B150
^
NTransportation:Maintenance
DCar repairs and service
B100
^
NTransportation:Parking
DParking fees
B50
^
NTransportation:Public Transit
DBus, subway, train
B100
^
NTransportation:Rideshare
DUber, Lyft
B100
^
NHealthcare:Insurance
DHealth insurance premiums
T
^
NHealthcare:Doctor
DDoctor visits and copays
T
^
NHealthcare:Dental
DDental care
T
^
NHealthcare:Vision
DEye care and glasses
T
^
NHealthcare:Pharmacy
DPrescriptions
T
^
NHealthcare:Gym
DGym membership
B50
^
NPersonal:Clothing
DClothes and accessories
B150
^
NPersonal:Grooming
DHaircuts and personal care
B50
^
NPersonal:Education
DCourses and books
B100
^
NPersonal:Subscriptions
DMagazines, apps, memberships
B50
^
NEntertainment:Movies
DMovies and theater
B50
^
NEntertainment:Games
DVideo games
B50
^
NEntertainment:Sports
DSports events and equipment
B100
^
NEntertainment:Hobbies
DHobby supplies
B100
^
NTravel:Flights
DAirfare
B200
^
NTravel:Hotels
DLodging
B200
^
NTravel:Car Rental
DRental cars
B100
^
NTravel:Vacation
DGeneral vacation expenses
B300
^
NFinancial:Bank Fees
DBank charges
B20
^
NFinancial:ATM Fees
DATM withdrawal fees
B10
^
NFinancial:Credit Card Interest
DCredit card interest charges
^
NFinancial:Investment Fees
DBrokerage fees
^
NTaxes:Federal
DFederal income tax
T
^
NTaxes:State
DState income tax
T
^
NTaxes:FICA
DSocial security and Medicare
T
^
NCharitable:Donations
DCharitable contributions
T
RSchedule A
^
NTransfer
DAccount transfers
^
!Type:Security
NAAPL
SApple Inc.
TStock
GGrowth
^
!Type:Security
NMSFT
SMicrosoft Corporation
TStock
GGrowth
^
!Type:Security
NGOOGL
SAlphabet Inc.
TStock
GGrowth
^
!Type:Security
NAMZN
SAmazon.com Inc.
TStock
GGrowth
^
!Type:Security
NNVDA
SNVIDIA Corporation
TStock
GGrowth
^
!Type:Security
NJNJ
SJohnson & Johnson
TStock
GIncome
^
!Type:Security
NPG
SProcter & Gamble
TStock
GIncome
^
!Type:Security
NKO
SCoca-Cola Company
TStock
GIncome
^
!Type:Security
NVTI
SVanguard Total Stock Market ETF
TETF
GGrowth
^
!Type:Security
NVXUS
SVanguard Total International Stock ETF
TETF
GGrowth
^
!Type:Security
NBND
SVanguard Total Bond Market ETF
TETF
GIncome
^
!Type:Security
NSPY
SSPDR S&P 500 ETF
TETF
GGrowth
^
!Type:Security
NIVV
SiShares Core S&P 500 ETF
TETF
GGrowth
^
!Type:Security
NFXAIX
SFidelity 500 Index Fund
TMutual Fund
GGrowth
^
!Type:Security
NVTIVX
SVanguard Target Retirement 2045
TMutual Fund
GGrowth
^
!Type:Security
NFSKAX
SFidelity Total Market Index
TMutual Fund
GGrowth
^
!Type:Security
NVBTLX
SVanguard Total Bond Market Index
TMutual Fund
GIncome
^
!Type:Security
NSPAXX
SFidelity Government Money Market
TMutual Fund
GIncome
^
!Type:Security
NO
SRealty Income Corporation
TStock
GIncome
^
!Type:Security
NVZ
SVerizon Communications
TStock
GIncome
^
!Type:Tag
NTax Deductible
DItems that may be tax deductible
C#00FF00
^
!Type:Tag
NReimbursable
DExpenses to be reimbursed
C#0000FF
^
!Type:Tag
NBusiness
DBusiness-related expenses
C#FF0000
^
!Type:Tag
NMedical
DMedical expenses for HSA/FSA
C#FF00FF
^
!Type:Tag
NVacation
DVacation-related spending
C#00FFFF
^
!Type:Tag
NGift
DGifts given or received
C#FFFF00
^
!Type:Tag
NRecurring
DRegular recurring expenses
C#808080
^
!Type:Tag
N2023
DTransactions from 2023
^
!Type:Tag
N2024
DTransactions from 2024
^
!Type:Tag
N2025
DTransactions from 2025
^
!Type:Class
NPersonal
DPersonal expenses
^
!Type:Class
NBusiness
DBusiness-related expenses
^
!Type:Class
NJoint
DJoint/shared expenses
^
!Type:Class
NReimbursable
DTo be reimbursed
^
!Type:Class
NTax Deductible
DMay be tax deductible
^
!Account
NPrimary Checking
TBank
^
!Type:Bank
D01/01/2022
T-2200.00
PBay Area Property Management
N1001
MRent for January 2022
LHousing:Rent
CR
A789 Property Lane
AOakland, CA 94612
^
D01/06/2022
T-115.73
PTrader Joe's
LFood:Groceries
CR
A456 Grocery Ave
ASan Francisco, CA 94103
^
D01/09/2022
T-57.75
PTarget
LFood:Groceries
Cc
^
D01/14/2022
T4500.00
PAcme Corporation
MBi-weekly paycheck
LIncome:Salary
CR
A1000 Corporate Blvd
ASan Jose, CA 95110
^
D01/15/2022
T-97.26
PAT&T Wireless
LUtilities:Phone
CR
^
D01/17/2022
T-159.94
PState Farm Insurance
LHousing:Insurance
CR
^
D01/19/2022
T-64.70
PTarget
LFood:Groceries
CR
^
D01/20/2022
T-79.91
PComcast Xfinity
LUtilities:Internet
CR
^
D01/20/2022
T-200.00
PATM Withdrawal
MCash withdrawal
L[Petty Cash]
CR
^
D01/22/2022
T-148.94
PPG&E
LUtilities:Electric
CR
APO Box 997300
ASacramento   , CA 95899
^
D01/25/2022
T-734.56
PTransfer to Savings
MMonthly savings contribution
L[Emergency Savings]
CR
^
D01/28/2022
T4500.00
PAcme Corporation
MBi-weekly paycheck
LIncome:Salary
CR
A1000 Corporate Blvd
ASan Jose, CA 95110
^
D01/28/2022
T-3132.89
PChase Bank
N1029
MCredit card payment
L[Chase Sapphire]
CR
^
D01/28/2022
T-117.84
PWhole Foods Market
LFood:Groceries
CR
A123 Market St
ASan Francisco, CA 94102
^
D02/01/2022
T-2200.00
PBay Area Property Management
N1002
MRent for February 2022
LHousing:Rent
CR
A789 Property Lane
AOakland, CA 94612
^
D02/02/2022
T-53.50
PTrader Joe's
LFood:Groceries
CR
A456 Grocery Ave
ASan Francisco, CA 94103
^
D02/03/2022
T-160.38
PTarget
LFood:Groceries
CR
^
D02/07/2022
T-91.14
PTarget
LFood:Groceries
CR
^
D02/08/2022
T-130.86
PWhole Foods Market
LFood:Groceries
A123 Market St
ASan Francisco, CA 94102
^
D02/11/2022
T4500.00
PAcme Corporation
MBi-weekly paycheck
LIncome:Salary
CR
A1000 Corporate Blvd
ASan Jose, CA 95110
^
D02/11/2022
T-145.33
PSafeway
LFood:Groceries
CR
^
D02/16/2022
T-103.99
PAT&T Wireless
LUtilities:Phone
CR
^
D02/18/2022
T-80.54
PComcast Xfinity
LUtilities:Internet
CR
^
D02/22/2022
T-147.14
PPG&E
LUtilities:Electric
CR
APO Box 997300
ASacramento   , CA 95899
^
D02/23/2022
T-156.80
PState Farm Insurance
LHousing:Insurance
CR
^
D02/23/2022
T-80.00
PATM Withdrawal
MCash withdrawal
L[Petty Cash]
CR
^
D02/25/2022
T4500.00
PAcme Corporation
MBi-weekly paycheck
LIncome:Salary
CR
A1000 Corporate Blvd
ASan Jose, CA 95110
^
D02/25/2022
T-1131.87
PTransfer to Savings
MMonthly savings contribution
L[Emergency Savings]
CR
^
D02/27/2022
T-109.49
PWhole Foods Market
LFood:Groceries
CR
A123 Market St
ASan Francisco, CA 94102
^
D02/28/2022
T-2811.25
PChase Bank
N1030
MCredit card payment
L[Chase Sapphire]
CR
^
D03/01/2022
T-137.63
PTrader Joe's
LFood:Groceries
Cc
A456 Grocery Ave
ASan Francisco, CA 94103
^
D03/03/2022
T-119.07
PSafeway
LFood:Groceries
Cc
^
D03/11/2022
T4500.00
PAcme Corporation
MBi-weekly paycheck
LIncome:Salary
CR
A1000 Corporate Blvd
ASan Jose, CA 95110
^
D03/14/2022
T-40.00
PATM Withdrawal
MCash withdrawal
L[Petty Cash]
CR
^
D03/15/2022
T10823.08
PAcme Corporation
M2022 Annual bonus
LIncome:Bonus
CR
A1000 Corporate Blvd
ASan Jose, CA 95110
^
D03/19/2022
T-108.12
PPG&E
LUtilities:Electric
CR
APO Box 997300
ASacramento   , CA 95899
^
D03/20/2022
T-95.60
PTarget
LFood:Groceries
CR
^
D03/22/2022
T-104.63
PAT&T Wireless
LUtilities:Phone
CR
^
D03/23/2022
T-79.27
PComcast Xfinity
LUtilities:Internet
CR
^
D03/23/2022
T-142.30
PState Farm Insurance
LHousing:Insurance
CR
^
D03/24/2022
T-173.36
PSafeway
LFood:Groceries
CR
^
D03/25/2022
T4500.00
PAcme Corporation
MBi-weekly paycheck
LIncome:Salary
CR
A1000 Corporate Blvd
ASan Jose, CA 95110
^
D03/25/2022
T-1355.51
PTransfer to Savings
MMonthly savings contribution
L[Emergency Savings]
CR
^
D03/28/2022
T-1609.56
PChase Bank
N1031
MCredit card payment
L[Chase Sapphire]
CR
^
D03/28/2022
T-160.39
PTarget
LFood:Groceries
CR
^
D03/31/2022
T-170.26
PTrader Joe's
LFood:Groceries
CR
A456 Grocery Ave
ASan Francisco, CA 94103
^
D04/01/2022
T-2200.00
PBay Area Property Management
N1003
MRent for April 2022
LHousing:Rent
CR
A789 Property Lane
AOakland, CA 94612
^
D04/08/2022
T4500.00
PAcme Corporation
MBi-weekly paycheck
LIncome:Salary
CR
A1000 Corporate Blvd
ASan Jose, CA 95110
^
D04/08/2022
T-40.86
PTarget
LFood:Groceries
CR
^
D04/13/2022
T-148.58
PTarget
LFood:Groceries
CR
^
D04/15/2022
T-80.61
PComcast Xfinity
LUtilities:Internet
CR
^
D04/15/2022
T-99.78
PSafeway
LFood:Groceries
CR
^
D04/17/2022
T-150.33
PState Farm Insurance
LHousing:Insurance
CR
^
D04/18/2022
T-144.96
PPG&E
LUtilities:Electric
CR
APO Box 997300
ASacramento   , CA 95899
^
D04/20/2022
T-102.68
PAT&T Wireless
LUtilities:Phone
CR
^
D04/22/2022
T4500.00
PAcme Corporation
MBi-weekly paycheck
LIncome:Salary
CR
A1000 Corporate Blvd
ASan Jose, CA 95110
^
D04/25/2022
T-751.00
PTransfer to Savings
MMonthly savings contribution
L[Emergency Savings]
CR
^
D04/26/2022
T-139.87
PSafeway
LFood:Groceries
CR
^
D04/28/2022
T-2477.61
PChase Bank
N1032
MCredit card payment
L[Chase Sapphire]
CR
^
D05/03/2022
T-60.00
PATM Withdrawal
MCash withdrawal
L[Petty Cash]
CR
^
D05/06/2022
T4500.00
PAcme Corporation
MBi-weekly paycheck
LIncome:Salary
CR
A1000 Corporate Blvd
ASan Jose, CA 95110
^
D05/08/2022
T-146.51
PTrader Joe's
LFood:Groceries
CR
A456 Grocery Ave
ASan Francisco, CA 94103
^
D05/13/2022
T-111.67
PTarget
LFood:Groceries
CR
^
D05/15/2022
T-137.73
PPG&E
LUtilities:Electric
CR
APO Box 997300
ASacramento   , CA 95899
^
D05/20/2022
T4500.00
PAcme Corporation
MBi-weekly paycheck
LIncome:Salary
CR
A1000 Corporate Blvd
ASan Jose, CA 95110
^
D05/20/2022
T-82.91
PComcast Xfinity
LUtilities:Internet
CR
^
D05/21/2022
T-105.19
PWhole Foods Market
LFood:Groceries
CR
A123 Market St
ASan Francisco, CA 94102
^
D05/22/2022
T-103.54
PAT&T Wireless
LUtilities:Phone
CR
^
D05/23/2022
T-144.60
PState Farm Insurance
LHousing:Insurance
CR
^
D05/25/2022
T-1252.08
PTransfer to Savings
MMonthly savings contribution
L[Emergency Savings]
CR
^
D05/28/2022
T-2296.20
PChase Bank
N1033
MCredit card payment
L[Chase Sapphire]
CR
^
D05/30/2022
T-168.27
PTrader Joe's
LFood:Groceries
CR
A456 Grocery Ave
ASan Francisco, CA 94103
^
D06/01/2022
T-2200.00
PBay Area Property Management
N1004
MRent for June 2022
LHousing:Rent
CR
A789 Property Lane
AOakland, CA 94612
^
D06/03/2022
T4500.00
PAcme Corporation
MBi-weekly paycheck
LIncome:Salary
CR
A1000 Corporate Blvd
ASan Jose, CA 95110
^
D06/04/2022
T-134.75
PTrader Joe's
LFood:Groceries
Cc
A456 Grocery Ave
ASan Francisco, CA 94103
^
D06/10/2022
T-141.51
PSafeway
LFood:Groceries
CR
^
D06/13/2022
T-141.40
PTarget
LFood:Groceries
CR
^
D06/14/2022
T-46.37
PTrader Joe's
LFood:Groceries
Cc
A456 Grocery Ave
ASan Francisco, CA 94103
^
D06/15/2022
T-149.77
PState Farm Insurance
LHousing:Insurance
CR
^
D06/17/2022
T4500.00
PAcme Corporation
MBi-weekly paycheck
LIncome:Salary
CR
A1000 Corporate Blvd
ASan Jose, CA 95110
^
D06/23/2022
T-122.79
PPG&E
LUtilities:Electric
CR
APO Box 997300
ASacramento   , CA 95899
^
D06/23/2022
T-97.90
PAT&T Wireless
LUtilities:Phone
CR
^
D06/23/2022
T-54.00
PWhole Foods Market
LFood:Groceries
CR
A123 Market St
ASan Francisco, CA 94102
^
D06/24/2022
T-79.84
PComcast Xfinity
LUtilities:Internet
CR
^
D06/25/2022
T-758.58
PTransfer to Savings
MMonthly savings contribution
L[Emergency Savings]
CR
^
D06/28/2022
T-3190.20
PChase Bank
N1034
MCredit card payment
L[Chase Sapphire]
CR
^
D07/01/2022
T4500.00
PAcme Corporation
MBi-weekly paycheck
LIncome:Salary
CR
A1000 Corporate Blvd
ASan Jose, CA 95110
^
D07/04/2022
T-116.29
PCostco
LFood:Groceries
CR
^
D07/14/2022
T-166.97
PSafeway
LFood:Groceries
CR
^
D07/15/2022
T4500.00
PAcme Corporation
MBi-weekly paycheck
LIncome:Salary
CR
A1000 Corporate Blvd
ASan Jose, CA 95110
^
D07/15/2022
T-95.41
PPG&E
LUtilities:Electric
CR
APO Box 997300
ASacramento   , CA 95899
^
D07/18/2022
T-101.14
PAT&T Wireless
LUtilities:Phone
CR
^
D07/22/2022
T-151.69
PState Farm Insurance
LHousing:Insurance
CR
^
D07/24/2022
T-80.45
PComcast Xfinity
LUtilities:Internet
CR
^
D07/25/2022
T-537.64
PTransfer to Savings
MMonthly savings contribution
L[Emergency Savings]
CR
^
D07/26/2022
T-127.57
PTrader Joe's
LFood:Groceries
CR
A456 Grocery Ave
ASan Francisco, CA 94103
^
D07/27/2022
T-151.37
PSafeway
LFood:Groceries
CR
^
D07/28/2022
T-1577.68
PChase Bank
N1035
MCredit card payment
L[Chase Sapphire]
CR
^
D07/29/2022
T4500.00
PAcme Corporation
MBi-weekly paycheck
LIncome:Salary
CR
A1000 Corporate Blvd
ASan Jose, CA 95110
^
D08/01/2022
T-2200.00
PBay Area Property Management
N1005
MRent for August 2022
LHousing:Rent
CR
A789 Property Lane
AOakland, CA 94612
^
D08/08/2022
T-171.23
PCostco
LFood:Groceries
CR
^
D08/12/2022
T4500.00
PAcme Corporation
MBi-weekly paycheck
LIncome:Salary
CR
A1000 Corporate Blvd
ASan Jose, CA 95110
^
D08/17/2022
T-95.80
PAT&T Wireless
LUtilities:Phone
CR
^
D08/19/2022
T-109.79
PSafeway
LFood:Groceries
CR
^
D08/21/2022
T-79.53
PComcast Xfinity
LUtilities:Internet
CR
^
D08/23/2022
T-140.79
PPG&E
LUtilities:Electric
CR
APO Box 997300
ASacramento   , CA 95899
^
D08/24/2022
T-159.52
PState Farm Insurance
LHousing:Insurance
CR
^
D08/25/2022
T-717.93
PTransfer to Savings
MMonthly savings contribution
L[Emergency Savings]
CR
^
D08/25/2022
T-141.59
PCostco
LFood:Groceries
CR
^
D08/26/2022
T4500.00
PAcme Corporation
MBi-weekly paycheck
LIncome:Salary
CR
A1000 Corporate Blvd
ASan Jose, CA 95110
^
D08/26/2022
T-106.66
PWhole Foods Market
LFood:Groceries
CR
A123 Market St
ASan Francisco, CA 94102
^
D08/28/2022
T-2230.00
PChase Bank
N1036
MCredit card payment
L[Chase Sapphire]
CR
^
D09/01/2022
T-2200.00
PBay Area Property Management
N1006
MRent for September 2022
LHousing:Rent
CR
A789 Property Lane
AOakland, CA 94612
^
D09/01/2022
T-174.24
PTarget
LFood:Groceries
CR
^
D09/05/2022
T-59.47
PCostco
LFood:Groceries
CR
^
D09/06/2022
T-84.67
PSafeway
LFood:Groceries
CR
^
D09/09/2022
T4500.00
PAcme Corporation
MBi-weekly paycheck
LIncome:Salary
CR
A1000 Corporate Blvd
ASan Jose, CA 95110
^
D09/09/2022
T-40.00
PATM Withdrawal
MCash withdrawal
L[Petty Cash]
CR
^
D09/11/2022
T-125.28
PSafeway
LFood:Groceries
CR
^
D09/15/2022
T-95.26
PAT&T Wireless
LUtilities:Phone
CR
^
D09/15/2022
T-139.93
PSafeway
LFood:Groceries
CR
^
D09/16/2022
T-147.11
PState Farm Insurance
LHousing:Insurance
CR
^
D09/17/2022
T-161.42
PPG&E
LUtilities:Electric
CR
APO Box 997300
ASacramento   , CA 95899
^
D09/17/2022
T-81.53
PComcast Xfinity
LUtilities:Internet
CR
^
D09/23/2022
T4500.00
PAcme Corporation
MBi-weekly paycheck
LIncome:Salary
CR
A1000 Corporate Blvd
ASan Jose, CA 95110
^
D09/25/2022
T-1489.12
PTransfer to Savings
MMonthly savings contribution
L[Emergency Savings]
CR
^
D09/28/2022
T-3256.43
PChase Bank
N1037
MCredit card payment
L[Chase Sapphire]
CR
^
D10/01/2022
T-139.19
PSafeway
LFood:Groceries
CR
^
D10/02/2022
T-80.00
PATM Withdrawal
MCash withdrawal
L[Petty Cash]
CR
^
D10/07/2022
T4500.00
PAcme Corporation
MBi-weekly paycheck
LIncome:Salary
CR
A1000 Corporate Blvd
ASan Jose, CA 95110
^
D10/07/2022
T-164.97
PCostco
LFood:Groceries
Cc
^
D10/14/2022
T-91.92
PSafeway
LFood:Groceries
CR
^
D10/18/2022
T-101.30
PAT&T Wireless
LUtilities:Phone
CR
^
D10/19/2022
T-81.28
PComcast Xfinity
LUtilities:Internet
CR
^
D10/19/2022
T-140.45
PState Farm Insurance
LHousing:Insurance
CR
^
D10/20/2022
T-179.42
PPG&E
LUtilities:Electric
CR
APO Box 997300
ASacramento   , CA 95899
^
D10/21/2022
T4500.00
PAcme Corporation
MBi-weekly paycheck
LIncome:Salary
CR
A1000 Corporate Blvd
ASan Jose, CA 95110
^
D10/25/2022
T-580.24
PTransfer to Savings
MMonthly savings contribution
L[Emergency Savings]
CR
^
D10/28/2022
T-2770.98
PChase Bank
N1038
MCredit card payment
L[Chase Sapphire]
CR
^
D11/01/2022
T-2200.00
PBay Area Property Management
N1007
MRent for November 2022
LHousing:Rent
CR
A789 Property Lane
AOakland, CA 94612
^
D11/04/2022
T4500.00
PAcme Corporation
MBi-weekly paycheck
LIncome:Salary
CR
A1000 Corporate Blvd
ASan Jose, CA 95110
^
D11/09/2022
T-45.58
PTrader Joe's
LFood:Groceries
CR
A456 Grocery Ave
ASan Francisco, CA 94103
^
D11/10/2022
T-54.91
PWhole Foods Market
LFood:Groceries
CR
A123 Market St
ASan Francisco, CA 94102
^
D11/15/2022
T-42.48
PTrader Joe's
LFood:Groceries
CR
A456 Grocery Ave
ASan Francisco, CA 94103
^
D11/18/2022
T4500.00
PAcme Corporation
MBi-weekly paycheck
LIncome:Salary
CR
A1000 Corporate Blvd
ASan Jose, CA 95110
^
D11/21/2022
T-100.30
PAT&T Wireless
LUtilities:Phone
CR
^
D11/22/2022
T-123.22
PPG&E
LUtilities:Electric
CR
APO Box 997300
ASacramento   , CA 95899
^
D11/22/2022
T-152.57
PState Farm Insurance
LHousing:Insurance
CR
^
D11/23/2022
T-80.03
PComcast Xfinity
LUtilities:Internet
CR
^
D11/25/2022
T-1233.50
PTransfer to Savings
MMonthly savings contribution
L[Emergency Savings]
CR
^
D11/28/2022
T-3376.38
PChase Bank
N1039
MCredit card payment
L[Chase Sapphire]
CR
^
D11/30/2022
T-200.00
PATM Withdrawal
MCash withdrawal
L[Petty Cash]
CR
^
D12/02/2022
T4500.00
PAcme Corporation
MBi-weekly paycheck
LIncome:Salary
CR
A1000 Corporate Blvd
ASan Jose, CA 95110
^
D12/02/2022
T-83.67
PSafeway
LFood:Groceries
CR
^
D12/10/2022
T-128.13
PTarget
LFood:Groceries
CR
^
D12/16/2022
T4500.00
PAcme Corporation
MBi-weekly paycheck
LIncome:Salary
CR
A1000 Corporate Blvd
ASan Jose, CA 95110
^
D12/17/2022
T-79.07
PComcast Xfinity
LUtilities:Internet
CR
^
D12/17/2022
T-159.76
PState Farm Insurance
LHousing:Insurance
CR
^
D12/18/2022
T-100.40
PAT&T Wireless
LUtilities:Phone
CR
^
D12/19/2022
T-121.75
PPG&E
LUtilities:Electric
CR
APO Box 997300
ASacramento   , CA 95899
^
D12/21/2022
T-136.76
PWhole Foods Market
LFood:Groceries
CR
A123 Market St
ASan Francisco, CA 94102
^
D12/22/2022
T-158.05
PTarget
LFood:Groceries
CR
^
D12/25/2022
T-819.03
PTransfer to Savings
MMonthly savings contribution
L[Emergency Savings]
CR
^
D12/28/2022
T-2993.90
PChase Bank
N1040
MCredit card payment
L[Chase Sapphire]
CR
^
D12/29/2022
T-60.26
PTrader Joe's
LFood:Groceries
Cc
A456 Grocery Ave
ASan Francisco, CA 94103
^
D12/30/2022
T4500.00
PAcme Corporation
MBi-weekly paycheck
LIncome:Salary
CR
A1000 Corporate Blvd
ASan Jose, CA 95110
^
D01/01/2023
T-2200.00
PBay Area Property Management
N1008
MRent for January 2023
LHousing:Rent
CR
A789 Property Lane
AOakland, CA 94612
^
D01/13/2023
T4500.00
PAcme Corporation
MBi-weekly paycheck
LIncome:Salary
CR
A1000 Corporate Blvd
ASan Jose, CA 95110
^
D01/15/2023
T-84.72
PComcast Xfinity
LUtilities:Internet
CR
^
D01/16/2023
T-141.92
PState Farm Insurance
LHousing:Insurance
CR
^
D01/20/2023
T-100.95
PAT&T Wireless
LUtilities:Phone
CR
^
D01/23/2023
T-139.58
PPG&E
LUtilities:Electric
CR
APO Box 997300
ASacramento   , CA 95899
^
D01/23/2023
T-170.28
PCostco
LFood:Groceries
CR
^
D01/25/2023
T-722.56
PTransfer to Savings
MMonthly savings contribution
L[Emergency Savings]
CR
^
D01/27/2023
T4500.00
PAcme Corporation
MBi-weekly paycheck
LIncome:Salary
CR
A1000 Corporate Blvd
ASan Jose, CA 95110
^
D01/28/2023
T-2853.88
PChase Bank
N1041
MCredit card payment
L[Chase Sapphire]
CR
^
D02/01/2023
T-2200.00
PBay Area Property Management
N1009
MRent for February 2023
LHousing:Rent
CR
A789 Property Lane
AOakland, CA 94612
^
D02/10/2023
T4500.00
PAcme Corporation
MBi-weekly paycheck
LIncome:Salary
CR
A1000 Corporate Blvd
ASan Jose, CA 95110
^
D02/18/2023
T-142.56
PState Farm Insurance
LHousing:Insurance
CR
^
D02/19/2023
T-83.68
PComcast Xfinity
LUtilities:Internet
CR
^
D02/21/2023
T-103.67
PAT&T Wireless
LUtilities:Phone
CR
^
D02/23/2023
T-146.95
PPG&E
LUtilities:Electric
CR
APO Box 997300
ASacramento   , CA 95899
^
D02/24/2023
T4500.00
PAcme Corporation
MBi-weekly paycheck
LIncome:Salary
CR
A1000 Corporate Blvd
ASan Jose, CA 95110
^
D02/25/2023
T-805.58
PTransfer to Savings
MMonthly savings contribution
L[Emergency Savings]
CR
^
D02/28/2023
T-2626.60
PChase Bank
N1042
MCredit card payment
L[Chase Sapphire]
CR
^
D03/10/2023
T4500.00
PAcme Corporation
MBi-weekly paycheck
LIncome:Salary
CR
A1000 Corporate Blvd
ASan Jose, CA 95110
^
D03/12/2023
T-163.75
PTrader Joe's
LFood:Groceries
Cc
A456 Grocery Ave
ASan Francisco, CA 94103
^
D03/15/2023
T10198.19
PAcme Corporation
M2023 Annual bonus
LIncome:Bonus
CR
A1000 Corporate Blvd
ASan Jose, CA 95110
^
D03/15/2023
T-141.82
PState Farm Insurance
LHousing:Insurance
CR
^
D03/15/2023
T-100.00
PATM Withdrawal
MCash withdrawal
L[Petty Cash]
CR
^
D03/16/2023
T-129.42
PWhole Foods Market
LFood:Groceries
CR
A123 Market St
ASan Francisco, CA 94102
^
D03/19/2023
T-86.77
PPG&E
LUtilities:Electric
CR
APO Box 997300
ASacramento   , CA 95899
^
D03/22/2023
T-100.08
PAT&T Wireless
LUtilities:Phone
CR
^
D03/24/2023
T4500.00
PAcme Corporation
MBi-weekly paycheck
LIncome:Salary
CR
A1000 Corporate Blvd
ASan Jose, CA 95110
^
D03/24/2023
T-81.06
PComcast Xfinity
LUtilities:Internet
CR
^
D03/24/2023
T-178.69
PTarget
LFood:Groceries
CR
^
D03/25/2023
T-590.99
PTransfer to Savings
MMonthly savings contribution
L[Emergency Savings]
CR
^
D03/25/2023
T-88.17
PCostco
LFood:Groceries
CR
^
D03/28/2023
T-2685.98
PChase Bank
N1043
MCredit card payment
L[Chase Sapphire]
CR
^
D03/31/2023
T-56.86
PTarget
LFood:Groceries
CR
^
D04/01/2023
T-2200.00
PBay Area Property Management
N1010
MRent for April 2023
LHousing:Rent
CR
A789 Property Lane
AOakland, CA 94612
^
D04/06/2023
T-152.59
PTarget
LFood:Groceries
CR
^
D04/07/2023
T4500.00
PAcme Corporation
MBi-weekly paycheck
LIncome:Salary
CR
A1000 Corporate Blvd
ASan Jose, CA 95110
^
D04/10/2023
T-60.00
PATM Withdrawal
MCash withdrawal
L[Petty Cash]
CR
^
D04/12/2023
T-102.44
PCostco
LFood:Groceries
CR
^
D04/16/2023
T-135.87
PSafeway
LFood:Groceries
CR
^
D04/20/2023
T-124.82
PPG&E
LUtilities:Electric
CR
APO Box 997300
ASacramento   , CA 95899
^
D04/21/2023
T4500.00
PAcme Corporation
MBi-weekly paycheck
LIncome:Salary
CR
A1000 Corporate Blvd
ASan Jose, CA 95110
^
D04/21/2023
T-152.42
PState Farm Insurance
LHousing:Insurance
CR
^
D04/22/2023
T-43.92
PTarget
LFood:Groceries
CR
^
D04/24/2023
T-79.18
PComcast Xfinity
LUtilities:Internet
CR
^
D04/24/2023
T-104.36
PAT&T Wireless
LUtilities:Phone
CR
^
D04/25/2023
T-732.70
PTransfer to Savings
MMonthly savings contribution
L[Emergency Savings]
CR
^
D04/28/2023
T-1849.76
PChase Bank
N1044
MCredit card payment
L[Chase Sapphire]
CR
^
D04/29/2023
T-70.85
PSafeway
LFood:Groceries
CR
^
D05/02/2023
T-137.67
PCostco
LFood:Groceries
CR
^
D05/05/2023
T4500.00
PAcme Corporation
MBi-weekly paycheck
LIncome:Salary
CR
A1000 Corporate Blvd
ASan Jose, CA 95110
^
D05/09/2023
T-40.00
PATM Withdrawal
MCash withdrawal
L[Petty Cash]
CR
^
D05/15/2023
T-75.43
PTrader Joe's
LFood:Groceries
CR
A456 Grocery Ave
ASan Francisco, CA 94103
^
D05/17/2023
T-95.93
PAT&T Wireless
LUtilities:Phone
CR
^
D05/18/2023
T-159.81
PState Farm Insurance
LHousing:Insurance
CR
^
D05/18/2023
T-178.48
PWhole Foods Market
LFood:Groceries
Cc
A123 Market St
ASan Francisco, CA 94102
^
D05/19/2023
T4500.00
PAcme Corporation
MBi-weekly paycheck
LIncome:Salary
CR
A1000 Corporate Blvd
ASan Jose, CA 95110
^
D05/20/2023
T-126.07
PPG&E
LUtilities:Electric
CR
APO Box 997300
ASacramento   , CA 95899
^
D05/20/2023
T-80.39
PComcast Xfinity
LUtilities:Internet
CR
^
D05/21/2023
T-109.99
PWhole Foods Market
LFood:Groceries
A123 Market St
ASan Francisco, CA 94102
^
D05/25/2023
T-940.01
PTransfer to Savings
MMonthly savings contribution
L[Emergency Savings]
CR
^
D05/27/2023
T-54.44
PTarget
LFood:Groceries
CR
^
D05/28/2023
T-2065.09
PChase Bank
N1045
MCredit card payment
L[Chase Sapphire]
CR
^
D05/30/2023
T-134.88
PCostco
LFood:Groceries
CR
^
D06/01/2023
T-2200.00
PBay Area Property Management
N1011
MRent for June 2023
LHousing:Rent
CR
A789 Property Lane
AOakland, CA 94612
^
D06/02/2023
T4500.00
PAcme Corporation
MBi-weekly paycheck
LIncome:Salary
CR
A1000 Corporate Blvd
ASan Jose, CA 95110
^
D06/02/2023
T-60.00
PATM Withdrawal
MCash withdrawal
L[Petty Cash]
CR
^
D06/16/2023
T4500.00
PAcme Corporation
MBi-weekly paycheck
LIncome:Salary
CR
A1000 Corporate Blvd
ASan Jose, CA 95110
^
D06/16/2023
T-77.85
PTrader Joe's
LFood:Groceries
CR
A456 Grocery Ave
ASan Francisco, CA 94103
^
D06/17/2023
T-141.28
PState Farm Insurance
LHousing:Insurance
CR
^
D06/21/2023
T-103.12
PPG&E
LUtilities:Electric
CR
APO Box 997300
ASacramento   , CA 95899
^
D06/22/2023
T-80.73
PComcast Xfinity
LUtilities:Internet
CR
^
D06/22/2023
T-103.85
PAT&T Wireless
LUtilities:Phone
CR
^
D06/24/2023
T-83.98
PSafeway
LFood:Groceries
CR
^
D06/25/2023
T-709.03
PTransfer to Savings
MMonthly savings contribution
L[Emergency Savings]
CR
^
D06/28/2023
T-1907.74
PChase Bank
N1046
MCredit card payment
L[Chase Sapphire]
CR
^
D06/30/2023
T4500.00
PAcme Corporation
MBi-weekly paycheck
LIncome:Salary
CR
A1000 Corporate Blvd
ASan Jose, CA 95110
^
D07/03/2023
T-159.48
PCostco
LFood:Groceries
CR
^
D07/14/2023
T4500.00
PAcme Corporation
MBi-weekly paycheck
LIncome:Salary
CR
A1000 Corporate Blvd
ASan Jose, CA 95110
^
D07/16/2023
T-140.64
PState Farm Insurance
LHousing:Insurance
CR
^
D07/20/2023
T-156.75
PPG&E
LUtilities:Electric
CR
APO Box 997300
ASacramento   , CA 95899
^
D07/20/2023
T-160.77
PTrader Joe's
LFood:Groceries
CR
A456 Grocery Ave
ASan Francisco, CA 94103
^
D07/21/2023
T-80.45
PComcast Xfinity
LUtilities:Internet
CR
^
D07/22/2023
T-104.39
PAT&T Wireless
LUtilities:Phone
CR
^
D07/22/2023
T-155.07
PTrader Joe's
LFood:Groceries
CR
A456 Grocery Ave
ASan Francisco, CA 94103
^
D07/25/2023
T-847.13
PTransfer to Savings
MMonthly savings contribution
L[Emergency Savings]
CR
^
D07/25/2023
T-126.77
PSafeway
LFood:Groceries
CR
^
D07/28/2023
T4500.00
PAcme Corporation
MBi-weekly paycheck
LIncome:Salary
CR
A1000 Corporate Blvd
ASan Jose, CA 95110
^
D07/28/2023
T-1551.92
PChase Bank
N1047
MCredit card payment
L[Chase Sapphire]
CR
^
D08/01/2023
T-2200.00
PBay Area Property Management
N1012
MRent for August 2023
LHousing:Rent
CR
A789 Property Lane
AOakland, CA 94612
^
D08/11/2023
T4500.00
PAcme Corporation
MBi-weekly paycheck
LIncome:Salary
CR
A1000 Corporate Blvd
ASan Jose, CA 95110
^
D08/15/2023
T-144.00
PState Farm Insurance
LHousing:Insurance
CR
^
D08/17/2023
T-98.05
PPG&E
LUtilities:Electric
CR
APO Box 997300
ASacramento   , CA 95899
^
D08/19/2023
T-80.45
PComcast Xfinity
LUtilities:Internet
CR
^
D08/22/2023
T-97.62
PAT&T Wireless
LUtilities:Phone
CR
^
D08/25/2023
T4500.00
PAcme Corporation
MBi-weekly paycheck
LIncome:Salary
CR
A1000 Corporate Blvd
ASan Jose, CA 95110
^
D08/25/2023
T-1219.10
PTransfer to Savings
MMonthly savings contribution
L[Emergency Savings]
CR
^
D08/28/2023
T-1928.54
PChase Bank
N1048
MCredit card payment
L[Chase Sapphire]
CR
^
D09/01/2023
T-2200.00
PBay Area Property Management
N1013
MRent for September 2023
LHousing:Rent
CR
A789 Property Lane
AOakland, CA 94612
^
D09/08/2023
T4500.00
PAcme Corporation
MBi-weekly paycheck
LIncome:Salary
CR
A1000 Corporate Blvd
ASan Jose, CA 95110
^
D09/09/2023
T-84.54
PTrader Joe's
LFood:Groceries
CR
A456 Grocery Ave
ASan Francisco, CA 94103
^
D09/18/2023
T-84.43
PPG&E
LUtilities:Electric
CR
APO Box 997300
ASacramento   , CA 95899
^
D09/21/2023
T-106.92
PWhole Foods Market
LFood:Groceries
CR
A123 Market St
ASan Francisco, CA 94102
^
D09/22/2023
T4500.00
PAcme Corporation
MBi-weekly paycheck
LIncome:Salary
CR
A1000 Corporate Blvd
ASan Jose, CA 95110
^
D09/22/2023
T-143.87
PState Farm Insurance
LHousing:Insurance
CR
^
D09/22/2023
T-92.45
PWhole Foods Market
LFood:Groceries
CR
A123 Market St
ASan Francisco, CA 94102
^
D09/23/2023
T-79.06
PComcast Xfinity
LUtilities:Internet
CR
^
D09/23/2023
T-95.72
PAT&T Wireless
LUtilities:Phone
CR
^
D09/25/2023
T-1158.11
PTransfer to Savings
MMonthly savings contribution
L[Emergency Savings]
CR
^
D09/28/2023
T-3307.57
PChase Bank
N1049
MCredit card payment
L[Chase Sapphire]
CR
^
D10/02/2023
T-78.70
PTrader Joe's
LFood:Groceries
CR
A456 Grocery Ave
ASan Francisco, CA 94103
^
D10/06/2023
T4500.00
PAcme Corporation
MBi-weekly paycheck
LIncome:Salary
CR
A1000 Corporate Blvd
ASan Jose, CA 95110
^
D10/13/2023
T-102.89
PSafeway
LFood:Groceries
CR
^
D10/15/2023
T-149.16
PSafeway
LFood:Groceries
Cc
^
D10/18/2023
T-82.30
PComcast Xfinity
LUtilities:Internet
CR
^
D10/19/2023
T-101.93
PAT&T Wireless
LUtilities:Phone
CR
^
D10/19/2023
T-135.75
PTrader Joe's
LFood:Groceries
CR
A456 Grocery Ave
ASan Francisco, CA 94103
^
D10/20/2023
T4500.00
PAcme Corporation
MBi-weekly paycheck
LIncome:Salary
CR
A1000 Corporate Blvd
ASan Jose, CA 95110
^
D10/22/2023
T-111.82
PPG&E
LUtilities:Electric
CR
APO Box 997300
ASacramento   , CA 95899
^
D10/22/2023
T-153.42
PState Farm Insurance
LHousing:Insurance
CR
^
D10/25/2023
T-1447.99
PTransfer to Savings
MMonthly savings contribution
L[Emergency Savings]
CR
^
D10/28/2023
T-2590.26
PChase Bank
N1050
MCredit card payment
L[Chase Sapphire]
CR
^
D10/29/2023
T-169.69
PWhole Foods Market
LFood:Groceries
CR
A123 Market St
ASan Francisco, CA 94102
^
D11/01/2023
T-2200.00
PBay Area Property Management
N1014
MRent for November 2023
LHousing:Rent
CR
A789 Property Lane
AOakland, CA 94612
^
D11/03/2023
T4500.00
PAcme Corporation
MBi-weekly paycheck
LIncome:Salary
CR
A1000 Corporate Blvd
ASan Jose, CA 95110
^
D11/08/2023
T-60.00
PATM Withdrawal
MCash withdrawal
L[Petty Cash]
CR
^
D11/09/2023
T-157.15
PTrader Joe's
LFood:Groceries
CR
A456 Grocery Ave
ASan Francisco, CA 94103
^
D11/15/2023
T-141.46
PState Farm Insurance
LHousing:Insurance
CR
^
D11/17/2023
T4500.00
PAcme Corporation
MBi-weekly paycheck
LIncome:Salary
CR
A1000 Corporate Blvd
ASan Jose, CA 95110
^
D11/17/2023
T-124.97
PWhole Foods Market
LFood:Groceries
CR
A123 Market St
ASan Francisco, CA 94102
^
D11/19/2023
T-111.21
PPG&E
LUtilities:Electric
CR
APO Box 997300
ASacramento   , CA 95899
^
D11/20/2023
T-60.00
PATM Withdrawal
MCash withdrawal
L[Petty Cash]
CR
^
D11/21/2023
T-83.75
PComcast Xfinity
LUtilities:Internet
CR
^
D11/24/2023
T-98.92
PAT&T Wireless
LUtilities:Phone
CR
^
D11/25/2023
T-1330.94
PTransfer to Savings
MMonthly savings contribution
L[Emergency Savings]
CR
^
D11/28/2023
T-2958.60
PChase Bank
N1051
MCredit card payment
L[Chase Sapphire]
CR
^
D11/30/2023
T-124.17
PCostco
LFood:Groceries
CR
^
D12/01/2023
T4500.00
PAcme Corporation
MBi-weekly paycheck
LIncome:Salary
CR
A1000 Corporate Blvd
ASan Jose, CA 95110
^
D12/08/2023
T-140.28
PWhole Foods Market
LFood:Groceries
CR
A123 Market St
ASan Francisco, CA 94102
^
D12/13/2023
T-60.00
PATM Withdrawal
MCash withdrawal
L[Petty Cash]
CR
^
D12/15/2023
T4500.00
PAcme Corporation
MBi-weekly paycheck
LIncome:Salary
CR
A1000 Corporate Blvd
ASan Jose, CA 95110
^
D12/20/2023
T-84.38
PComcast Xfinity
LUtilities:Internet
CR
^
D12/23/2023
T-135.71
PPG&E
LUtilities:Electric
CR
APO Box 997300
ASacramento   , CA 95899
^
D12/23/2023
T-103.35
PAT&T Wireless
LUtilities:Phone
CR
^
D12/23/2023
T-141.00
PState Farm Insurance
LHousing:Insurance
CR
^
D12/25/2023
T-1358.55
PTransfer to Savings
MMonthly savings contribution
L[Emergency Savings]
CR
^
D12/25/2023
T-45.89
PCostco
LFood:Groceries
CR
^
D12/26/2023
T-60.00
PATM Withdrawal
MCash withdrawal
L[Petty Cash]
CR
^
D12/26/2023
T-151.25
PSafeway
LFood:Groceries
CR
^
D12/28/2023
T-3111.51
PChase Bank
N1052
MCredit card payment
L[Chase Sapphire]
CR
^
D12/29/2023
T4500.00
PAcme Corporation
MBi-weekly paycheck
LIncome:Salary
CR
A1000 Corporate Blvd
ASan Jose, CA 95110
^
D01/01/2024
T-2200.00
PBay Area Property Management
N1015
MRent for January 2024
LHousing:Rent
CR
A789 Property Lane
AOakland, CA 94612
^
D01/12/2024
T4500.00
PAcme Corporation
MBi-weekly paycheck
LIncome:Salary
CR
A1000 Corporate Blvd
ASan Jose, CA 95110
^
D01/15/2024
T-81.84
PComcast Xfinity
LUtilities:Internet
CR
^
D01/18/2024
T-120.03
PPG&E
LUtilities:Electric
CR
APO Box 997300
ASacramento   , CA 95899
^
D01/21/2024
T-101.14
PAT&T Wireless
LUtilities:Phone
CR
^
D01/22/2024
T-111.50
PTarget
LFood:Groceries
Cc
^
D01/23/2024
T-153.49
PState Farm Insurance
LHousing:Insurance
CR
^
D01/24/2024
T-100.00
PATM Withdrawal
MCash withdrawal
L[Petty Cash]
CR
^
D01/25/2024
T-1262.11
PTransfer to Savings
MMonthly savings contribution
L[Emergency Savings]
CR
^
D01/26/2024
T4500.00
PAcme Corporation
MBi-weekly paycheck
LIncome:Salary
CR
A1000 Corporate Blvd
ASan Jose, CA 95110
^
D01/28/2024
T-2205.13
PChase Bank
N1053
MCredit card payment
L[Chase Sapphire]
CR
^
D01/30/2024
T-100.30
PTarget
LFood:Groceries
CR
^
D01/31/2024
T-50.13
PTrader Joe's
LFood:Groceries
CR
A456 Grocery Ave
ASan Francisco, CA 94103
^
D02/01/2024
T-2200.00
PBay Area Property Management
N1016
MRent for February 2024
LHousing:Rent
CR
A789 Property Lane
AOakland, CA 94612
^
D02/03/2024
T-86.20
PWhole Foods Market
LFood:Groceries
CR
A123 Market St
ASan Francisco, CA 94102
^
D02/04/2024
T-143.82
PWhole Foods Market
LFood:Groceries
CR
A123 Market St
ASan Francisco, CA 94102
^
D02/06/2024
T-154.60
PTrader Joe's
LFood:Groceries
CR
A456 Grocery Ave
ASan Francisco, CA 94103
^
D02/09/2024
T4500.00
PAcme Corporation
MBi-weekly paycheck
LIncome:Salary
CR
A1000 Corporate Blvd
ASan Jose, CA 95110
^
D02/10/2024
T-80.00
PATM Withdrawal
MCash withdrawal
L[Petty Cash]
^
D02/16/2024
T-140.37
PState Farm Insurance
LHousing:Insurance
CR
^
D02/16/2024
T-102.31
PTarget
LFood:Groceries
CR
^
D02/18/2024
T-96.63
PAT&T Wireless
LUtilities:Phone
CR
^
D02/21/2024
T-82.40
PPG&E
LUtilities:Electric
CR
APO Box 997300
ASacramento   , CA 95899
^
D02/23/2024
T4500.00
PAcme Corporation
MBi-weekly paycheck
LIncome:Salary
CR
A1000 Corporate Blvd
ASan Jose, CA 95110
^
D02/23/2024
T-82.39
PComcast Xfinity
LUtilities:Internet
CR
^
D02/25/2024
T-746.13
PTransfer to Savings
MMonthly savings contribution
L[Emergency Savings]
CR
^
D02/28/2024
T-1819.90
PChase Bank
N1054
MCredit card payment
L[Chase Sapphire]
CR
^
D02/28/2024
T-66.94
PWhole Foods Market
LFood:Groceries
Cc
A123 Market St
ASan Francisco, CA 94102
^
D03/08/2024
T4500.00
PAcme Corporation
MBi-weekly paycheck
LIncome:Salary
CR
A1000 Corporate Blvd
ASan Jose, CA 95110
^
D03/09/2024
T-136.38
PTrader Joe's
LFood:Groceries
CR
A456 Grocery Ave
ASan Francisco, CA 94103
^
D03/15/2024
T14149.40
PAcme Corporation
M2024 Annual bonus
LIncome:Bonus
CR
A1000 Corporate Blvd
ASan Jose, CA 95110
^
D03/15/2024
T-79.98
PComcast Xfinity
LUtilities:Internet
CR
^
D03/16/2024
T-150.55
PPG&E
LUtilities:Electric
CR
APO Box 997300
ASacramento   , CA 95899
^
D03/16/2024
T-140.08
PState Farm Insurance
LHousing:Insurance
CR
^
D03/17/2024
T-107.48
PTrader Joe's
LFood:Groceries
CR
A456 Grocery Ave
ASan Francisco, CA 94103
^
D03/21/2024
T-96.30
PAT&T Wireless
LUtilities:Phone
CR
^
D03/22/2024
T4500.00
PAcme Corporation
MBi-weekly paycheck
LIncome:Salary
CR
A1000 Corporate Blvd
ASan Jose, CA 95110
^
D03/23/2024
T-96.63
PCostco
LFood:Groceries
CR
^
D03/24/2024
T-166.05
PSafeway
LFood:Groceries
CR
^
D03/25/2024
T-1175.95
PTransfer to Savings
MMonthly savings contribution
L[Emergency Savings]
CR
^
D03/26/2024
T-60.00
PATM Withdrawal
MCash withdrawal
L[Petty Cash]
CR
^
D03/26/2024
T-80.46
PTrader Joe's
LFood:Groceries
CR
A456 Grocery Ave
ASan Francisco, CA 94103
^
D03/28/2024
T-2536.75
PChase Bank
N1055
MCredit card payment
L[Chase Sapphire]
CR
^
D03/28/2024
T-140.12
PTarget
LFood:Groceries
Cc
^
D03/31/2024
T-133.12
PTarget
LFood:Groceries
CR
^
D04/01/2024
T-2200.00
PBay Area Property Management
N1017
MRent for April 2024
LHousing:Rent
CR
A789 Property Lane
AOakland, CA 94612
^
D04/05/2024
T4500.00
PAcme Corporation
MBi-weekly paycheck
LIncome:Salary
CR
A1000 Corporate Blvd
ASan Jose, CA 95110
^
D04/07/2024
T-46.42
PWhole Foods Market
LFood:Groceries
CR
A123 Market St
ASan Francisco, CA 94102
^
D04/08/2024
T-167.69
PWhole Foods Market
LFood:Groceries
A123 Market St
ASan Francisco, CA 94102
^
D04/10/2024
T-65.40
PSafeway
LFood:Groceries
CR
^
D04/16/2024
T-164.39
PPG&E
LUtilities:Electric
CR
APO Box 997300
ASacramento   , CA 95899
^
D04/18/2024
T-101.87
PAT&T Wireless
LUtilities:Phone
CR
^
D04/18/2024
T-152.52
PState Farm Insurance
LHousing:Insurance
CR
^
D04/19/2024
T4500.00
PAcme Corporation
MBi-weekly paycheck
LIncome:Salary
CR
A1000 Corporate Blvd
ASan Jose, CA 95110
^
D04/21/2024
T-100.00
PATM Withdrawal
MCash withdrawal
L[Petty Cash]
CR
^
D04/22/2024
T-81.10
PComcast Xfinity
LUtilities:Internet
CR
^
D04/25/2024
T-966.12
PTransfer to Savings
MMonthly savings contribution
L[Emergency Savings]
CR
^
D04/28/2024
T-1514.47
PChase Bank
N1056
MCredit card payment
L[Chase Sapphire]
CR
^
D05/01/2024
T-136.21
PSafeway
LFood:Groceries
CR
^
D05/02/2024
T-45.38
PTrader Joe's
LFood:Groceries
CR
A456 Grocery Ave
ASan Francisco, CA 94103
^
D05/03/2024
T4500.00
PAcme Corporation
MBi-weekly paycheck
LIncome:Salary
CR
A1000 Corporate Blvd
ASan Jose, CA 95110
^
D05/11/2024
T-113.21
PCostco
LFood:Groceries
CR
^
D05/15/2024
T-95.37
PAT&T Wireless
LUtilities:Phone
CR
^
D05/17/2024
T4500.00
PAcme Corporation
MBi-weekly paycheck
LIncome:Salary
CR
A1000 Corporate Blvd
ASan Jose, CA 95110
^
D05/18/2024
T-150.40
PState Farm Insurance
LHousing:Insurance
CR
^
D05/19/2024
T-79.03
PComcast Xfinity
LUtilities:Internet
CR
^
D05/23/2024
T-146.58
PPG&E
LUtilities:Electric
CR
APO Box 997300
ASacramento   , CA 95899
^
D05/23/2024
T-82.23
PTrader Joe's
LFood:Groceries
CR
A456 Grocery Ave
ASan Francisco, CA 94103
^
D05/25/2024
T-593.14
PTransfer to Savings
MMonthly savings contribution
L[Emergency Savings]
CR
^
D05/26/2024
T-86.73
PSafeway
LFood:Groceries
CR
^
D05/28/2024
T-1975.12
PChase Bank
N1057
MCredit card payment
L[Chase Sapphire]
CR
^
D05/28/2024
T-66.31
PSafeway
LFood:Groceries
CR
^
D05/31/2024
T4500.00
PAcme Corporation
MBi-weekly paycheck
LIncome:Salary
CR
A1000 Corporate Blvd
ASan Jose, CA 95110
^
D06/01/2024
T-2200.00
PBay Area Property Management
N1018
MRent for June 2024
LHousing:Rent
CR
A789 Property Lane
AOakland, CA 94612
^
D06/03/2024
T-60.00
PATM Withdrawal
MCash withdrawal
L[Petty Cash]
CR
^
D06/09/2024
T-116.22
PTrader Joe's
LFood:Groceries
A456 Grocery Ave
ASan Francisco, CA 94103
^
D06/10/2024
T-142.70
PCostco
LFood:Groceries
CR
^
D06/14/2024
T4500.00
PAcme Corporation
MBi-weekly paycheck
LIncome:Salary
CR
A1000 Corporate Blvd
ASan Jose, CA 95110
^
D06/15/2024
T-97.78
PAT&T Wireless
LUtilities:Phone
CR
^
D06/16/2024
T-154.62
PPG&E
LUtilities:Electric
CR
APO Box 997300
ASacramento   , CA 95899
^
D06/17/2024
T-109.94
PTarget
LFood:Groceries
Cc
^
D06/19/2024
T-154.43
PState Farm Insurance
LHousing:Insurance
CR
^
D06/21/2024
T-81.34
PComcast Xfinity
LUtilities:Internet
CR
^
D06/25/2024
T-930.09
PTransfer to Savings
MMonthly savings contribution
L[Emergency Savings]
CR
^
D06/28/2024
T4500.00
PAcme Corporation
MBi-weekly paycheck
LIncome:Salary
CR
A1000 Corporate Blvd
ASan Jose, CA 95110
^
D06/28/2024
T-2343.60
PChase Bank
N1058
MCredit card payment
L[Chase Sapphire]
CR
^
D07/03/2024
T-62.94
PTarget
LFood:Groceries
CR
^
D07/12/2024
T4500.00
PAcme Corporation
MBi-weekly paycheck
LIncome:Salary
CR
A1000 Corporate Blvd
ASan Jose, CA 95110
^
D07/16/2024
T-144.13
PPG&E
LUtilities:Electric
CR
APO Box 997300
ASacramento   , CA 95899
^
D07/21/2024
T-142.06
PState Farm Insurance
LHousing:Insurance
CR
^
D07/23/2024
T-81.65
PComcast Xfinity
LUtilities:Internet
CR
^
D07/23/2024
T-96.25
PAT&T Wireless
LUtilities:Phone
CR
^
D07/25/2024
T-792.29
PTransfer to Savings
MMonthly savings contribution
L[Emergency Savings]
CR
^
D07/26/2024
T4500.00
PAcme Corporation
MBi-weekly paycheck
LIncome:Salary
CR
A1000 Corporate Blvd
ASan Jose, CA 95110
^
D07/28/2024
T-3306.72
PChase Bank
N1059
MCredit card payment
L[Chase Sapphire]
CR
^
D07/31/2024
T-92.82
PWhole Foods Market
LFood:Groceries
CR
A123 Market St
ASan Francisco, CA 94102
^
D08/01/2024
T-2200.00
PBay Area Property Management
N1019
MRent for August 2024
LHousing:Rent
CR
A789 Property Lane
AOakland, CA 94612
^
D08/09/2024
T4500.00
PAcme Corporation
MBi-weekly paycheck
LIncome:Salary
CR
A1000 Corporate Blvd
ASan Jose, CA 95110
^
D08/10/2024
T-107.53
PWhole Foods Market
LFood:Groceries
Cc
A123 Market St
ASan Francisco, CA 94102
^
D08/12/2024
T-40.00
PATM Withdrawal
MCash withdrawal
L[Petty Cash]
CR
^
D08/13/2024
T-91.36
PCostco
LFood:Groceries
CR
^
D08/16/2024
T-87.54
PCostco
LFood:Groceries
CR
^
D08/20/2024
T-102.05
PAT&T Wireless
LUtilities:Phone
CR
^
D08/22/2024
T-80.83
PComcast Xfinity
LUtilities:Internet
CR
^
D08/23/2024
T4500.00
PAcme Corporation
MBi-weekly paycheck
LIncome:Salary
CR
A1000 Corporate Blvd
ASan Jose, CA 95110
^
D08/24/2024
T-132.34
PPG&E
LUtilities:Electric
CR
APO Box 997300
ASacramento   , CA 95899
^
D08/24/2024
T-141.35
PState Farm Insurance
LHousing:Insurance
CR
^
D08/25/2024
T-1125.87
PTransfer to Savings
MMonthly savings contribution
L[Emergency Savings]
CR
^
D08/28/2024
T-2251.20
PChase Bank
N1060
MCredit card payment
L[Chase Sapphire]
CR
^
D09/01/2024
T-2200.00
PBay Area Property Management
N1020
MRent for September 2024
LHousing:Rent
CR
A789 Property Lane
AOakland, CA 94612
^
D09/06/2024
T4500.00
PAcme Corporation
MBi-weekly paycheck
LIncome:Salary
CR
A1000 Corporate Blvd
ASan Jose, CA 95110
^
D09/08/2024
T-100.00
PATM Withdrawal
MCash withdrawal
L[Petty Cash]
CR
^
D09/15/2024
T-133.23
PPG&E
LUtilities:Electric
CR
APO Box 997300
ASacramento   , CA 95899
^
D09/16/2024
T-101.22
PAT&T Wireless
LUtilities:Phone
CR
^
D09/16/2024
T-145.25
PState Farm Insurance
LHousing:Insurance
CR
^
D09/18/2024
T-81.08
PComcast Xfinity
LUtilities:Internet
CR
^
D09/18/2024
T-69.53
PTrader Joe's
LFood:Groceries
CR
A456 Grocery Ave
ASan Francisco, CA 94103
^
D09/20/2024
T4500.00
PAcme Corporation
MBi-weekly paycheck
LIncome:Salary
CR
A1000 Corporate Blvd
ASan Jose, CA 95110
^
D09/25/2024
T-594.31
PTransfer to Savings
MMonthly savings contribution
L[Emergency Savings]
CR
^
D09/28/2024
T-1564.89
PChase Bank
N1061
MCredit card payment
L[Chase Sapphire]
CR
^
D10/04/2024
T4500.00
PAcme Corporation
MBi-weekly paycheck
LIncome:Salary
CR
A1000 Corporate Blvd
ASan Jose, CA 95110
^
D10/14/2024
T-135.04
PWhole Foods Market
LFood:Groceries
CR
A123 Market St
ASan Francisco, CA 94102
^
D10/17/2024
T-81.78
PComcast Xfinity
LUtilities:Internet
CR
^
D10/17/2024
T-178.42
PCostco
LFood:Groceries
CR
^
D10/18/2024
T4500.00
PAcme Corporation
MBi-weekly paycheck
LIncome:Salary
CR
A1000 Corporate Blvd
ASan Jose, CA 95110
^
D10/19/2024
T-96.07
PAT&T Wireless
LUtilities:Phone
CR
^
D10/20/2024
T-122.45
PPG&E
LUtilities:Electric
CR
APO Box 997300
ASacramento   , CA 95899
^
D10/21/2024
T-154.64
PState Farm Insurance
LHousing:Insurance
CR
^
D10/24/2024
T-60.00
PATM Withdrawal
MCash withdrawal
L[Petty Cash]
CR
^
D10/25/2024
T-1166.90
PTransfer to Savings
MMonthly savings contribution
L[Emergency Savings]
CR
^
D10/26/2024
T-106.87
PTarget
LFood:Groceries
CR
^
D10/28/2024
T-1763.71
PChase Bank
N1062
MCredit card payment
L[Chase Sapphire]
CR
^
D11/01/2024
T4500.00
PAcme Corporation
MBi-weekly paycheck
LIncome:Salary
CR
A1000 Corporate Blvd
ASan Jose, CA 95110
^
D11/01/2024
T-2200.00
PBay Area Property Management
N1021
MRent for November 2024
LHousing:Rent
CR
A789 Property Lane
AOakland, CA 94612
^
D11/13/2024
T-84.83
PTrader Joe's
LFood:Groceries
CR
A456 Grocery Ave
ASan Francisco, CA 94103
^
D11/15/2024
T4500.00
PAcme Corporation
MBi-weekly paycheck
LIncome:Salary
CR
A1000 Corporate Blvd
ASan Jose, CA 95110
^
D11/15/2024
T-124.60
PTrader Joe's
LFood:Groceries
CR
A456 Grocery Ave
ASan Francisco, CA 94103
^
D11/18/2024
T-141.98
PState Farm Insurance
LHousing:Insurance
CR
^
D11/22/2024
T-101.59
PAT&T Wireless
LUtilities:Phone
CR
^
D11/23/2024
T-85.02
PPG&E
LUtilities:Electric
CR
APO Box 997300
ASacramento   , CA 95899
^
D11/23/2024
T-84.19
PComcast Xfinity
LUtilities:Internet
CR
^
D11/25/2024
T-1046.98
PTransfer to Savings
MMonthly savings contribution
L[Emergency Savings]
CR
^
D11/28/2024
T-3258.81
PChase Bank
N1063
MCredit card payment
L[Chase Sapphire]
CR
^
D11/29/2024
T4500.00
PAcme Corporation
MBi-weekly paycheck
LIncome:Salary
CR
A1000 Corporate Blvd
ASan Jose, CA 95110
^
D11/29/2024
T-165.16
PWhole Foods Market
LFood:Groceries
CR
A123 Market St
ASan Francisco, CA 94102
^
D12/04/2024
T-153.08
PTrader Joe's
LFood:Groceries
CR
A456 Grocery Ave
ASan Francisco, CA 94103
^
D12/12/2024
T-159.45
PCostco
LFood:Groceries
CR
^
D12/13/2024
T4500.00
PAcme Corporation
MBi-weekly paycheck
LIncome:Salary
CR
A1000 Corporate Blvd
ASan Jose, CA 95110
^
D12/21/2024
T-99.32
PAT&T Wireless
LUtilities:Phone
CR
^
D12/24/2024
T-142.48
PPG&E
LUtilities:Electric
CR
APO Box 997300
ASacramento   , CA 95899
^
D12/24/2024
T-80.52
PComcast Xfinity
LUtilities:Internet
CR
^
D12/24/2024
T-156.48
PState Farm Insurance
LHousing:Insurance
CR
^
D12/25/2024
T-832.37
PTransfer to Savings
MMonthly savings contribution
L[Emergency Savings]
CR
^
D12/27/2024
T4500.00
PAcme Corporation
MBi-weekly paycheck
LIncome:Salary
CR
A1000 Corporate Blvd
ASan Jose, CA 95110
^
D12/28/2024
T-1943.15
PChase Bank
N1064
MCredit card payment
L[Chase Sapphire]
CR
^
D12/30/2024
T-71.02
PTarget
LFood:Groceries
CR
^
D01/01/2025
T-2200.00
PBay Area Property Management
N1022
MRent for January 2025
LHousing:Rent
CR
A789 Property Lane
AOakland, CA 94612
^
D01/05/2025
T-167.06
PSafeway
LFood:Groceries
CR
^
D01/08/2025
T-168.44
PTarget
LFood:Groceries
^
D01/10/2025
T4500.00
PAcme Corporation
MBi-weekly paycheck
LIncome:Salary
CR
A1000 Corporate Blvd
ASan Jose, CA 95110
^
D01/15/2025
T-96.55
PAT&T Wireless
LUtilities:Phone
CR
^
D01/18/2025
T-100.00
PATM Withdrawal
MCash withdrawal
L[Petty Cash]
CR
^
D01/21/2025
T-86.08
PPG&E
LUtilities:Electric
CR
APO Box 997300
ASacramento   , CA 95899
^
D01/21/2025
T-84.81
PComcast Xfinity
LUtilities:Internet
CR
^
D01/21/2025
T-141.83
PState Farm Insurance
LHousing:Insurance
CR
^
D01/23/2025
T-117.74
PTarget
LFood:Groceries
CR
^
D01/24/2025
T4500.00
PAcme Corporation
MBi-weekly paycheck
LIncome:Salary
CR
A1000 Corporate Blvd
ASan Jose, CA 95110
^
D01/24/2025
T-123.93
PWhole Foods Market
LFood:Groceries
A123 Market St
ASan Francisco, CA 94102
^
D01/25/2025
T-965.76
PTransfer to Savings
MMonthly savings contribution
L[Emergency Savings]
CR
^
D01/28/2025
T-3296.30
PChase Bank
N1065
MCredit card payment
L[Chase Sapphire]
CR
^
D02/01/2025
T-2200.00
PBay Area Property Management
N1023
MRent for February 2025
LHousing:Rent
CR
A789 Property Lane
AOakland, CA 94612
^
D02/07/2025
T4500.00
PAcme Corporation
MBi-weekly paycheck
LIncome:Salary
CR
A1000 Corporate Blvd
ASan Jose, CA 95110
^
D02/07/2025
T-87.24
PSafeway
LFood:Groceries
^
D02/11/2025
T-60.00
PATM Withdrawal
MCash withdrawal
L[Petty Cash]
CR
^
D02/17/2025
T-143.79
PState Farm Insurance
LHousing:Insurance
CR
^
D02/21/2025
T4500.00
PAcme Corporation
MBi-weekly paycheck
LIncome:Salary
CR
A1000 Corporate Blvd
ASan Jose, CA 95110
^
D02/21/2025
T-82.20
PComcast Xfinity
LUtilities:Internet
CR
^
D02/21/2025
T-100.61
PAT&T Wireless
LUtilities:Phone
CR
^
D02/23/2025
T-100.00
PATM Withdrawal
MCash withdrawal
L[Petty Cash]
CR
^
D02/24/2025
T-106.60
PPG&E
LUtilities:Electric
CR
APO Box 997300
ASacramento   , CA 95899
^
D02/25/2025
T-674.87
PTransfer to Savings
MMonthly savings contribution
L[Emergency Savings]
CR
^
D02/28/2025
T-2251.72
PChase Bank
N1066
MCredit card payment
L[Chase Sapphire]
CR
^
D03/04/2025
T-131.82
PSafeway
LFood:Groceries
^
D03/07/2025
T4500.00
PAcme Corporation
MBi-weekly paycheck
LIncome:Salary
CR
A1000 Corporate Blvd
ASan Jose, CA 95110
^
D03/09/2025
T-60.00
PATM Withdrawal
MCash withdrawal
L[Petty Cash]
CR
^
D03/15/2025
T11987.16
PAcme Corporation
M2025 Annual bonus
LIncome:Bonus
CR
A1000 Corporate Blvd
ASan Jose, CA 95110
^
D03/16/2025
T-179.76
PTarget
LFood:Groceries
CR
^
D03/21/2025
T4500.00
PAcme Corporation
MBi-weekly paycheck
LIncome:Salary
CR
A1000 Corporate Blvd
ASan Jose, CA 95110
^
D03/21/2025
T-138.49
PPG&E
LUtilities:Electric
CR
APO Box 997300
ASacramento   , CA 95899
^
D03/21/2025
T-83.49
PComcast Xfinity
LUtilities:Internet
CR
^
D03/21/2025
T-70.18
PCostco
LFood:Groceries
CR
^
D03/22/2025
T-104.12
PAT&T Wireless
LUtilities:Phone
CR
^
D03/24/2025
T-142.77
PState Farm Insurance
LHousing:Insurance
CR
^
D03/25/2025
T-784.49
PTransfer to Savings
MMonthly savings contribution
L[Emergency Savings]
CR
^
D03/28/2025
T-1980.81
PChase Bank
N1067
MCredit card payment
L[Chase Sapphire]
CR
^
D04/01/2025
T-2200.00
PBay Area Property Management
N1024
MRent for April 2025
LHousing:Rent
CR
A789 Property Lane
AOakland, CA 94612
^
D04/03/2025
T-177.00
PCostco
LFood:Groceries
CR
^
D04/04/2025
T4500.00
PAcme Corporation
MBi-weekly paycheck
LIncome:Salary
CR
A1000 Corporate Blvd
ASan Jose, CA 95110
^
D04/10/2025
T-179.90
PTarget
LFood:Groceries
CR
^
D04/12/2025
T-60.14
PWhole Foods Market
LFood:Groceries
CR
A123 Market St
ASan Francisco, CA 94102
^
D04/17/2025
T-140.53
PState Farm Insurance
LHousing:Insurance
CR
^
D04/18/2025
T4500.00
PAcme Corporation
MBi-weekly paycheck
LIncome:Salary
CR
A1000 Corporate Blvd
ASan Jose, CA 95110
^
D04/23/2025
T-98.96
PAT&T Wireless
LUtilities:Phone
CR
^
D04/24/2025
T-97.99
PPG&E
LUtilities:Electric
CR
APO Box 997300
ASacramento   , CA 95899
^
D04/24/2025
T-79.81
PComcast Xfinity
LUtilities:Internet
CR
^
D04/25/2025
T-509.93
PTransfer to Savings
MMonthly savings contribution
L[Emergency Savings]
CR
^
D04/26/2025
T-96.57
PTrader Joe's
LFood:Groceries
CR
A456 Grocery Ave
ASan Francisco, CA 94103
^
D04/28/2025
T-2271.31
PChase Bank
N1068
MCredit card payment
L[Chase Sapphire]
CR
^
D05/01/2025
T-71.18
PWhole Foods Market
LFood:Groceries
Cc
A123 Market St
ASan Francisco, CA 94102
^
D05/02/2025
T4500.00
PAcme Corporation
MBi-weekly paycheck
LIncome:Salary
CR
A1000 Corporate Blvd
ASan Jose, CA 95110
^
D05/10/2025
T-40.00
PATM Withdrawal
MCash withdrawal
L[Petty Cash]
Cc
^
D05/12/2025
T-81.14
PTarget
LFood:Groceries
CR
^
D05/16/2025
T4500.00
PAcme Corporation
MBi-weekly paycheck
LIncome:Salary
CR
A1000 Corporate Blvd
ASan Jose, CA 95110
^
D05/17/2025
T-157.93
PSafeway
LFood:Groceries
CR
^
D05/18/2025
T-133.92
PPG&E
LUtilities:Electric
CR
APO Box 997300
ASacramento   , CA 95899
^
D05/18/2025
T-98.10
PAT&T Wireless
LUtilities:Phone
CR
^
D05/19/2025
T-146.17
PState Farm Insurance
LHousing:Insurance
CR
^
D05/24/2025
T-80.96
PComcast Xfinity
LUtilities:Internet
CR
^
D05/25/2025
T-781.14
PTransfer to Savings
MMonthly savings contribution
L[Emergency Savings]
CR
^
D05/26/2025
T-60.00
PATM Withdrawal
MCash withdrawal
L[Petty Cash]
CR
^
D05/28/2025
T-2321.46
PChase Bank
N1069
MCredit card payment
L[Chase Sapphire]
CR
^
D05/30/2025
T4500.00
PAcme Corporation
MBi-weekly paycheck
LIncome:Salary
CR
A1000 Corporate Blvd
ASan Jose, CA 95110
^
D06/01/2025
T-2200.00
PBay Area Property Management
N1025
MRent for June 2025
LHousing:Rent
CR
A789 Property Lane
AOakland, CA 94612
^
D06/13/2025
T4500.00
PAcme Corporation
MBi-weekly paycheck
LIncome:Salary
CR
A1000 Corporate Blvd
ASan Jose, CA 95110
^
D06/15/2025
T-120.87
PPG&E
LUtilities:Electric
CR
APO Box 997300
ASacramento   , CA 95899
^
D06/16/2025
T-145.97
PState Farm Insurance
LHousing:Insurance
CR
^
D06/17/2025
T-83.38
PComcast Xfinity
LUtilities:Internet
CR
^
D06/18/2025
T-164.15
PTarget
LFood:Groceries
CR
^
D06/19/2025
T-200.00
PATM Withdrawal
MCash withdrawal
L[Petty Cash]
^
D06/22/2025
T-104.04
PAT&T Wireless
LUtilities:Phone
CR
^
D06/22/2025
T-137.13
PCostco
LFood:Groceries
CR
^
D06/24/2025
T-150.38
PWhole Foods Market
LFood:Groceries
CR
A123 Market St
ASan Francisco, CA 94102
^
D06/25/2025
T-999.91
PTransfer to Savings
MMonthly savings contribution
L[Emergency Savings]
CR
^
D06/27/2025
T4500.00
PAcme Corporation
MBi-weekly paycheck
LIncome:Salary
CR
A1000 Corporate Blvd
ASan Jose, CA 95110
^
D06/28/2025
T-3269.89
PChase Bank
N1070
MCredit card payment
L[Chase Sapphire]
CR
^
D06/29/2025
T-59.77
PTrader Joe's
LFood:Groceries
CR
A456 Grocery Ave
ASan Francisco, CA 94103
^
D07/07/2025
T-81.26
PTarget
LFood:Groceries
CR
^
D07/09/2025
T-122.33
PCostco
LFood:Groceries
CR
^
D07/11/2025
T4500.00
PAcme Corporation
MBi-weekly paycheck
LIncome:Salary
CR
A1000 Corporate Blvd
ASan Jose, CA 95110
^
D07/16/2025
T-119.40
PCostco
LFood:Groceries
CR
^
D07/17/2025
T-104.96
PPG&E
LUtilities:Electric
CR
APO Box 997300
ASacramento   , CA 95899
^
D07/17/2025
T-104.67
PAT&T Wireless
LUtilities:Phone
CR
^
D07/17/2025
T-147.78
PState Farm Insurance
LHousing:Insurance
CR
^
D07/23/2025
T-80.10
PComcast Xfinity
LUtilities:Internet
CR
^
D07/25/2025
T4500.00
PAcme Corporation
MBi-weekly paycheck
LIncome:Salary
CR
A1000 Corporate Blvd
ASan Jose, CA 95110
^
D07/25/2025
T-556.05
PTransfer to Savings
MMonthly savings contribution
L[Emergency Savings]
CR
^
D07/28/2025
T-3169.38
PChase Bank
N1071
MCredit card payment
L[Chase Sapphire]
CR
^
D07/29/2025
T-43.83
PSafeway
LFood:Groceries
CR
^
D08/01/2025
T-2200.00
PBay Area Property Management
N1026
MRent for August 2025
LHousing:Rent
CR
A789 Property Lane
AOakland, CA 94612
^
D08/07/2025
T-80.00
PATM Withdrawal
MCash withdrawal
L[Petty Cash]
CR
^
D08/07/2025
T-58.02
PTrader Joe's
LFood:Groceries
CR
A456 Grocery Ave
ASan Francisco, CA 94103
^
D08/08/2025
T4500.00
PAcme Corporation
MBi-weekly paycheck
LIncome:Salary
CR
A1000 Corporate Blvd
ASan Jose, CA 95110
^
D08/08/2025
T-132.69
PTrader Joe's
LFood:Groceries
CR
A456 Grocery Ave
ASan Francisco, CA 94103
^
D08/10/2025
T-104.42
PWhole Foods Market
LFood:Groceries
CR
A123 Market St
ASan Francisco, CA 94102
^
D08/18/2025
T-82.55
PComcast Xfinity
LUtilities:Internet
CR
^
D08/21/2025
T-142.59
PState Farm Insurance
LHousing:Insurance
CR
^
D08/22/2025
T4500.00
PAcme Corporation
MBi-weekly paycheck
LIncome:Salary
CR
A1000 Corporate Blvd
ASan Jose, CA 95110
^
D08/23/2025
T-143.05
PPG&E
LUtilities:Electric
CR
APO Box 997300
ASacramento   , CA 95899
^
D08/24/2025
T-97.44
PAT&T Wireless
LUtilities:Phone
CR
^
D08/25/2025
T-908.60
PTransfer to Savings
MMonthly savings contribution
L[Emergency Savings]
CR
^
D08/28/2025
T-2448.97
PChase Bank
N1072
MCredit card payment
L[Chase Sapphire]
CR
^
D09/01/2025
T-2200.00
PBay Area Property Management
N1027
MRent for September 2025
LHousing:Rent
CR
A789 Property Lane
AOakland, CA 94612
^
D09/05/2025
T4500.00
PAcme Corporation
MBi-weekly paycheck
LIncome:Salary
CR
A1000 Corporate Blvd
ASan Jose, CA 95110
^
D09/05/2025
T-81.37
PWhole Foods Market
LFood:Groceries
A123 Market St
ASan Francisco, CA 94102
^
D09/09/2025
T-96.58
PWhole Foods Market
LFood:Groceries
CR
A123 Market St
ASan Francisco, CA 94102
^
D09/14/2025
T-177.69
PTarget
LFood:Groceries
CR
^
D09/15/2025
T-83.90
PComcast Xfinity
LUtilities:Internet
CR
^
D09/16/2025
T-96.81
PAT&T Wireless
LUtilities:Phone
CR
^
D09/19/2025
T4500.00
PAcme Corporation
MBi-weekly paycheck
LIncome:Salary
CR
A1000 Corporate Blvd
ASan Jose, CA 95110
^
D09/22/2025
T-137.56
PPG&E
LUtilities:Electric
CR
APO Box 997300
ASacramento   , CA 95899
^
D09/23/2025
T-157.55
PState Farm Insurance
LHousing:Insurance
CR
^
D09/23/2025
T-52.98
PSafeway
LFood:Groceries
CR
^
D09/25/2025
T-664.14
PTransfer to Savings
MMonthly savings contribution
L[Emergency Savings]
CR
^
D09/26/2025
T-128.65
PTrader Joe's
LFood:Groceries
CR
A456 Grocery Ave
ASan Francisco, CA 94103
^
D09/27/2025
T-59.19
PSafeway
LFood:Groceries
CR
^
D09/28/2025
T-3077.88
PChase Bank
N1073
MCredit card payment
L[Chase Sapphire]
CR
^
D10/03/2025
T4500.00
PAcme Corporation
MBi-weekly paycheck
LIncome:Salary
CR
A1000 Corporate Blvd
ASan Jose, CA 95110
^
D10/03/2025
T-83.19
PCostco
LFood:Groceries
CR
^
D10/12/2025
T-78.18
PCostco
LFood:Groceries
CR
^
D10/15/2025
T-177.94
PPG&E
LUtilities:Electric
CR
APO Box 997300
ASacramento   , CA 95899
^
D10/17/2025
T4500.00
PAcme Corporation
MBi-weekly paycheck
LIncome:Salary
CR
A1000 Corporate Blvd
ASan Jose, CA 95110
^
D10/18/2025
T-82.88
PComcast Xfinity
LUtilities:Internet
CR
^
D10/18/2025
T-149.06
PState Farm Insurance
LHousing:Insurance
CR
^
D10/21/2025
T-98.42
PAT&T Wireless
LUtilities:Phone
CR
^
D10/25/2025
T-1350.67
PTransfer to Savings
MMonthly savings contribution
L[Emergency Savings]
CR
^
D10/28/2025
T-2840.36
PChase Bank
N1074
MCredit card payment
L[Chase Sapphire]
CR
^
D10/31/2025
T4500.00
PAcme Corporation
MBi-weekly paycheck
LIncome:Salary
CR
A1000 Corporate Blvd
ASan Jose, CA 95110
^
D11/01/2025
T-2200.00
PBay Area Property Management
N1028
MRent for November 2025
LHousing:Rent
CR
A789 Property Lane
AOakland, CA 94612
^
D11/02/2025
T-44.83
PWhole Foods Market
LFood:Groceries
CR
A123 Market St
ASan Francisco, CA 94102
^
D11/08/2025
T-135.48
PTrader Joe's
LFood:Groceries
CR
A456 Grocery Ave
ASan Francisco, CA 94103
^
D11/14/2025
T4500.00
PAcme Corporation
MBi-weekly paycheck
LIncome:Salary
CR
A1000 Corporate Blvd
ASan Jose, CA 95110
^
D11/15/2025
T-54.08
PWhole Foods Market
LFood:Groceries
A123 Market St
ASan Francisco, CA 94102
^
D11/16/2025
T-172.83
PPG&E
LUtilities:Electric
CR
APO Box 997300
ASacramento   , CA 95899
^
D11/16/2025
T-154.90
PState Farm Insurance
LHousing:Insurance
CR
^
D11/20/2025
T-98.21
PAT&T Wireless
LUtilities:Phone
CR
^
D11/20/2025
T-160.90
PWhole Foods Market
LFood:Groceries
CR
A123 Market St
ASan Francisco, CA 94102
^
D11/23/2025
T-79.25
PComcast Xfinity
LUtilities:Internet
CR
^
D11/25/2025
T-1131.00
PTransfer to Savings
MMonthly savings contribution
L[Emergency Savings]
CR
^
D11/26/2025
T-59.63
PTarget
LFood:Groceries
CR
^
D11/28/2025
T4500.00
PAcme Corporation
MBi-weekly paycheck
LIncome:Salary
CR
A1000 Corporate Blvd
ASan Jose, CA 95110
^
D11/28/2025
T-2550.12
PChase Bank
N1075
MCredit card payment
L[Chase Sapphire]
CR
^
D12/07/2025
T-102.44
PCostco
LFood:Groceries
CR
^
!Account
NChase Sapphire
TCCard
^
!Type:CCard
D01/01/2022
T-145.12
PCostco
LFood:Groceries
CR
^
D01/02/2022
T-100.96
PCostco
LFood:Groceries
CR
^
D01/02/2022
T-42.14
PUber Eats
LFood:Dining
CR
^
D01/03/2022
T-57.13
PChipotle Mexican Grill
LFood:Dining
CR
^
D01/03/2022
T-4.02
PPeet's Coffee
LFood:Coffee
CR
^
D01/04/2022
T-7.62
PPeet's Coffee
LFood:Coffee
CR
^
D01/05/2022
T-4.63
PStarbucks
LFood:Coffee
CR
^
D01/05/2022
T-53.58
P76 Station
LTransportation:Gas
CR
^
D01/06/2022
T-15.99
PNetflix
LUtilities:Streaming
CR
^
D01/06/2022
T-6.07
PStarbucks
LFood:Coffee
Cc
^
D01/07/2022
T-69.15
PDoorDash
LFood:Dining
CR
^
D01/07/2022
T-7.82
PPeet's Coffee
LFood:Coffee
^
D01/07/2022
T-29.95
PNordstrom
LPersonal:Clothing
Cc
^
D01/08/2022
T-10.99
PSpotify
LUtilities:Streaming
CR
^
D01/08/2022
T-7.99
PDisney+
LUtilities:Streaming
CR
^
D01/08/2022
T-178.93
PWhole Foods Market
LFood:Groceries
CR
A123 Market St
ASan Francisco, CA 94102
^
D01/08/2022
T-62.44
PDoorDash
LFood:Dining
CR
^
D01/09/2022
T-14.99
PAmazon
LPersonal:Subscriptions
CR
A410 Terry Ave N
ASeattle      , WA 98109
^
D01/09/2022
T-65.15
PThai Basil Restaurant
LFood:Dining
CR
^
D01/10/2022
T-29.51
PUber Eats
LFood:Dining
CR
^
D01/10/2022
T-5.95
PPeet's Coffee
LFood:Coffee
CR
^
D01/11/2022
T-41.04
PDoorDash
LFood:Dining
CR
^
D01/11/2022
T-7.65
PStarbucks
LFood:Coffee
CR
^
D01/12/2022
T-7.86
PStarbucks
LFood:Coffee
CR
^
D01/13/2022
T-57.07
PUber Eats
LFood:Dining
CR
^
D01/14/2022
T-113.94
PWhole Foods Market
LFood:Groceries
CR
A123 Market St
ASan Francisco, CA 94102
^
D01/14/2022
T-4.22
PPeet's Coffee
LFood:Coffee
CR
^
D01/14/2022
T-50.02
PChevron
LTransportation:Gas
CR
^
D01/14/2022
T-76.24
PBest Buy
LEntertainment:Games
CR
^
D01/15/2022
T-44.30
PDoorDash
LFood:Dining
CR
^
D01/15/2022
T-21.14
PLyft
LTransportation:Rideshare
CR
^
D01/16/2022
T-179.42
PWhole Foods Market
LFood:Groceries
A123 Market St
ASan Francisco, CA 94102
^
D01/16/2022
T-61.37
PDoorDash
LFood:Dining
CR
^
D01/17/2022
T-62.09
PCostco
LFood:Groceries
CR
^
D01/17/2022
T-62.55
PUber Eats
LFood:Dining
CR
^
D01/17/2022
T-7.04
PPeet's Coffee
LFood:Coffee
CR
^
D01/18/2022
T-37.33
PPizza Hut
LFood:Dining
CR
^
D01/20/2022
T-152.02
PWhole Foods Market
LFood:Groceries
Cc
A123 Market St
ASan Francisco, CA 94102
^
D01/20/2022
T-53.46
PThai Basil Restaurant
LFood:Dining
CR
^
D01/20/2022
T-7.91
PStarbucks
LFood:Coffee
Cc
^
D01/20/2022
T-72.10
PChevron
LTransportation:Gas
CR
^
D01/21/2022
T-41.59
PChipotle Mexican Grill
LFood:Dining
CR
^
D01/22/2022
T-47.63
P76 Station
LTransportation:Gas
CR
^
D01/23/2022
T-124.16
PWhole Foods Market
LFood:Groceries
CR
A123 Market St
ASan Francisco, CA 94102
^
D01/23/2022
T-22.41
PPizza Hut
LFood:Dining
CR
^
D01/24/2022
T-7.60
PStarbucks
LFood:Coffee
CR
^
D01/26/2022
T-54.72
PTarget
LFood:Groceries
CR
^
D01/27/2022
T-128.25
PTrader Joe's
LFood:Groceries
CR
A456 Grocery Ave
ASan Francisco, CA 94103
^
D01/27/2022
T-5.19
PStarbucks
LFood:Coffee
CR
^
D01/28/2022
T-109.85
PTrader Joe's
MSplit purchase - groceries and household
CR
A456 Grocery Ave
ASan Francisco, CA 94103
SFood:Groceries
$-76.90
SHousing:Maintenance
$-32.95
^
D01/28/2022
T3132.89
PPayment from Checking
MPayment received
L[Primary Checking]
CR
^
D01/28/2022
T-19.56
PChipotle Mexican Grill
LFood:Dining
CR
^
D01/28/2022
T-5.71
PStarbucks
LFood:Coffee
CR
^
D01/29/2022
T-16.06
PChipotle Mexican Grill
LFood:Dining
CR
^
D01/29/2022
T-19.79
PUber
LTransportation:Rideshare
CR
^
D01/30/2022
T-27.74
PThai Basil Restaurant
LFood:Dining
CR
^
D01/30/2022
T-34.24
PLyft
LTransportation:Rideshare
CR
^
D01/31/2022
T-4.18
PStarbucks
LFood:Coffee
CR
^
D01/31/2022
T-74.91
P76 Station
LTransportation:Gas
CR
^
D02/01/2022
T-53.62
PCostco
LFood:Groceries
CR
^
D02/01/2022
T-63.46
PPizza Hut
LFood:Dining
CR
^
D02/01/2022
T-7.64
PPeet's Coffee
LFood:Coffee
CR
^
D02/02/2022
T-57.00
PChipotle Mexican Grill
LFood:Dining
CR
^
D02/02/2022
T-57.76
P76 Station
LTransportation:Gas
CR
^
D02/03/2022
T-59.04
PThai Basil Restaurant
LFood:Dining
CR
^
D02/03/2022
T-7.08
PPeet's Coffee
LFood:Coffee
^
D02/03/2022
T-34.35
PNordstrom
LPersonal:Clothing
CR
^
D02/04/2022
T-5.09
PPeet's Coffee
LFood:Coffee
CR
^
D02/05/2022
T-44.68
PLyft
LTransportation:Rideshare
CR
^
D02/06/2022
T-21.03
PLyft
LTransportation:Rideshare
CR
^
D02/07/2022
T-14.99
PAmazon
LPersonal:Subscriptions
CR
A410 Terry Ave N
ASeattle      , WA 98109
^
D02/08/2022
T-15.99
PNetflix
LUtilities:Streaming
CR
^
D02/08/2022
T-16.84
PDoorDash
LFood:Dining
CR
^
D02/09/2022
T-10.99
PSpotify
LUtilities:Streaming
CR
^
D02/09/2022
T-7.99
PDisney+
LUtilities:Streaming
CR
^
D02/09/2022
T-4.45
PStarbucks
LFood:Coffee
CR
^
D02/09/2022
T-42.80
PChevron
LTransportation:Gas
CR
^
D02/10/2022
T-107.29
PTarget
LFood:Groceries
CR
^
D02/10/2022
T-62.60
PPizza Hut
LFood:Dining
CR
^
D02/12/2022
T-40.91
PUber Eats
LFood:Dining
CR
^
D02/13/2022
T-61.27
PPizza Hut
LFood:Dining
Cc
^
D02/14/2022
T-64.22
PUber Eats
LFood:Dining
CR
^
D02/14/2022
T-6.67
PPeet's Coffee
LFood:Coffee
^
D02/15/2022
T-111.05
PCostco
LFood:Groceries
CR
^
D02/15/2022
T-38.82
PUber Eats
LFood:Dining
^
D02/16/2022
T-102.98
PTrader Joe's
MSplit purchase - groceries and household
CR
A456 Grocery Ave
ASan Francisco, CA 94103
SFood:Groceries
$-72.09
SHousing:Maintenance
$-30.89
^
D02/16/2022
T-6.62
PStarbucks
LFood:Coffee
CR
^
D02/17/2022
T-68.69
PSafeway
LFood:Groceries
CR
^
D02/17/2022
T-44.43
PThai Basil Restaurant
LFood:Dining
CR
^
D02/17/2022
T-5.74
PPeet's Coffee
LFood:Coffee
CR
^
D02/18/2022
T-152.55
PTrader Joe's
LFood:Groceries
CR
A456 Grocery Ave
ASan Francisco, CA 94103
^
D02/18/2022
T-6.69
PStarbucks
LFood:Coffee
^
D02/19/2022
T-67.81
P76 Station
LTransportation:Gas
CR
^
D02/19/2022
T-37.72
PUber
LTransportation:Rideshare
CR
^
D02/20/2022
T-26.61
PUber
LTransportation:Rideshare
^
D02/21/2022
T-82.91
PWhole Foods Market
LFood:Groceries
CR
A123 Market St
ASan Francisco, CA 94102
^
D02/21/2022
T-5.94
PStarbucks
LFood:Coffee
CR
^
D02/23/2022
T-63.78
PThai Basil Restaurant
LFood:Dining
CR
^
D02/23/2022
T-42.97
PChevron
LTransportation:Gas
CR
^
D02/24/2022
T-130.77
PTrader Joe's
MSplit purchase - groceries and household
CR
A456 Grocery Ave
ASan Francisco, CA 94103
SFood:Groceries
$-91.54
SHousing:Maintenance
$-39.23
^
D02/25/2022
T-33.15
PDoorDash
LFood:Dining
CR
^
D02/25/2022
T-111.40
PNordstrom
LPersonal:Clothing
CR
^
D02/26/2022
T-150.95
PCostco
LFood:Groceries
CR
^
D02/26/2022
T-60.09
PUber Eats
LFood:Dining
CR
^
D02/27/2022
T-40.60
PThai Basil Restaurant
LFood:Dining
CR
^
D02/28/2022
T2811.25
PPayment from Checking
MPayment received
L[Primary Checking]
CR
^
D02/28/2022
T-21.29
PPizza Hut
LFood:Dining
CR
^
D03/01/2022
T-19.06
PThai Basil Restaurant
LFood:Dining
CR
^
D03/01/2022
T-6.37
PStarbucks
LFood:Coffee
CR
^
D03/02/2022
T-18.10
PChipotle Mexican Grill
LFood:Dining
CR
^
D03/03/2022
T-7.99
PPeet's Coffee
LFood:Coffee
CR
^
D03/04/2022
T-77.94
PWhole Foods Market
LFood:Groceries
CR
A123 Market St
ASan Francisco, CA 94102
^
D03/04/2022
T-5.85
PPeet's Coffee
LFood:Coffee
CR
^
D03/05/2022
T-10.99
PSpotify
LUtilities:Streaming
CR
^
D03/05/2022
T-7.99
PDisney+
LUtilities:Streaming
CR
^
D03/05/2022
T-86.98
PCostco
LFood:Groceries
CR
^
D03/05/2022
T-65.62
PThai Basil Restaurant
LFood:Dining
CR
^
D03/05/2022
T-18.53
PUber
LTransportation:Rideshare
CR
^
D03/06/2022
T-14.99
PAmazon
LPersonal:Subscriptions
CR
A410 Terry Ave N
ASeattle      , WA 98109
^
D03/06/2022
T-52.82
PPizza Hut
LFood:Dining
CR
^
D03/07/2022
T-31.56
PThai Basil Restaurant
LFood:Dining
CR
^
D03/07/2022
T-4.68
PStarbucks
LFood:Coffee
CR
^
D03/07/2022
T-63.67
P76 Station
LTransportation:Gas
CR
^
D03/08/2022
T-26.13
PChipotle Mexican Grill
LFood:Dining
CR
^
D03/09/2022
T-15.99
PNetflix
LUtilities:Streaming
CR
^
D03/09/2022
T-32.10
PUber Eats
LFood:Dining
CR
^
D03/09/2022
T-6.68
PStarbucks
LFood:Coffee
CR
^
D03/10/2022
T-87.25
PTarget
LFood:Groceries
CR
^
D03/10/2022
T-6.97
PStarbucks
LFood:Coffee
CR
^
D03/12/2022
T-68.05
PWhole Foods Market
LFood:Groceries
CR
A123 Market St
ASan Francisco, CA 94102
^
D03/12/2022
T-17.02
PUber
LTransportation:Rideshare
^
D03/13/2022
T-146.55
PWhole Foods Market
LFood:Groceries
CR
A123 Market St
ASan Francisco, CA 94102
^
D03/13/2022
T-108.94
PBest Buy
LEntertainment:Games
CR
^
D03/14/2022
T-88.60
PTrader Joe's
LFood:Groceries
CR
A456 Grocery Ave
ASan Francisco, CA 94103
^
D03/14/2022
T-66.75
PPizza Hut
LFood:Dining
CR
^
D03/15/2022
T-140.20
PSafeway
LFood:Groceries
CR
^
D03/15/2022
T-71.50
PUber Eats
LFood:Dining
CR
^
D03/16/2022
T-6.42
PPeet's Coffee
LFood:Coffee
Cc
^
D03/16/2022
T-74.31
PShell
LTransportation:Gas
CR
^
D03/18/2022
T-70.50
PWhole Foods Market
LFood:Groceries
CR
A123 Market St
ASan Francisco, CA 94102
^
D03/18/2022
T-55.39
PChipotle Mexican Grill
LFood:Dining
CR
^
D03/19/2022
T-60.50
PThai Basil Restaurant
LFood:Dining
CR
^
D03/19/2022
T-35.52
PLyft
LTransportation:Rideshare
CR
^
D03/20/2022
T-53.60
PShell
LTransportation:Gas
CR
^
D03/21/2022
T-25.07
PPizza Hut
LFood:Dining
CR
^
D03/21/2022
T-6.45
PPeet's Coffee
LFood:Coffee
CR
^
D03/22/2022
T-5.03
PPeet's Coffee
LFood:Coffee
CR
^
D03/23/2022
T-37.27
PChipotle Mexican Grill
LFood:Dining
CR
^
D03/23/2022
T-6.81
PPeet's Coffee
LFood:Coffee
CR
^
D03/24/2022
T-110.48
PBest Buy
LEntertainment:Games
Cc
^
D03/25/2022
T-143.54
PTarget
LFood:Groceries
CR
^
D03/25/2022
T-73.87
PREI
LEntertainment:Sports
CR
^
D03/26/2022
T-81.54
PWhole Foods Market
LFood:Groceries
CR
A123 Market St
ASan Francisco, CA 94102
^
D03/26/2022
T-70.31
PPizza Hut
LFood:Dining
CR
^
D03/28/2022
T1609.56
PPayment from Checking
MPayment received
L[Primary Checking]
CR
^
D03/28/2022
T-23.29
PThai Basil Restaurant
LFood:Dining
CR
^
D03/29/2022
T-28.13
PDoorDash
LFood:Dining
CR
^
D03/29/2022
T-6.85
PPeet's Coffee
LFood:Coffee
CR
^
D03/30/2022
T-119.20
PTarget
MSplit purchase - groceries and household
CR
SFood:Groceries
$-83.44
SHousing:Maintenance
$-35.76
^
D03/30/2022
T-64.28
PPizza Hut
LFood:Dining
CR
^
D03/31/2022
T-31.69
PPizza Hut
LFood:Dining
CR
^
D04/01/2022
T-51.89
PThai Basil Restaurant
LFood:Dining
CR
^
D04/01/2022
T-4.20
PStarbucks
LFood:Coffee
CR
^
D04/01/2022
T-72.09
PBest Buy
LEntertainment:Games
CR
^
D04/02/2022
T-70.78
PPizza Hut
LFood:Dining
CR
^
D04/03/2022
T-43.35
PUber
LTransportation:Rideshare
CR
^
D04/04/2022
T-5.32
PPeet's Coffee
LFood:Coffee
CR
^
D04/04/2022
T-41.88
PChevron
LTransportation:Gas
CR
^
D04/05/2022
T-7.99
PDisney+
LUtilities:Streaming
CR
^
D04/05/2022
T-46.39
PThai Basil Restaurant
LFood:Dining
CR
^
D04/06/2022
T-15.99
PNetflix
LUtilities:Streaming
CR
^
D04/06/2022
T-10.99
PSpotify
LUtilities:Streaming
CR
^
D04/06/2022
T-108.83
PSafeway
MSplit purchase - groceries and household
CR
SFood:Groceries
$-76.18
SHousing:Maintenance
$-32.65
^
D04/06/2022
T-133.44
PTarget
LFood:Groceries
CR
^
D04/06/2022
T-66.84
PThai Basil Restaurant
LFood:Dining
CR
^
D04/06/2022
T-6.53
PStarbucks
LFood:Coffee
CR
^
D04/07/2022
T-149.63
PTarget
LFood:Groceries
CR
^
D04/07/2022
T-45.11
PUber Eats
LFood:Dining
CR
^
D04/07/2022
T-4.20
PStarbucks
LFood:Coffee
CR
^
D04/08/2022
T-14.99
PAmazon
LPersonal:Subscriptions
CR
A410 Terry Ave N
ASeattle      , WA 98109
^
D04/08/2022
T-7.85
PPeet's Coffee
LFood:Coffee
^
D04/09/2022
T-41.34
PUber Eats
LFood:Dining
CR
^
D04/10/2022
T-78.43
PTarget
LFood:Groceries
CR
^
D04/10/2022
T-34.41
PPizza Hut
LFood:Dining
CR
^
D04/10/2022
T-21.97
PUber
LTransportation:Rideshare
CR
^
D04/10/2022
T-70.37
PNordstrom
LPersonal:Clothing
CR
^
D04/11/2022
T-7.00
PPeet's Coffee
LFood:Coffee
CR
^
D04/12/2022
T-5.07
PStarbucks
LFood:Coffee
CR
^
D04/13/2022
T-59.76
PChipotle Mexican Grill
LFood:Dining
CR
^
D04/13/2022
T-5.41
PStarbucks
LFood:Coffee
CR
^
D04/14/2022
T-6.15
PStarbucks
LFood:Coffee
CR
^
D04/15/2022
T-57.75
PChipotle Mexican Grill
LFood:Dining
CR
^
D04/16/2022
T-169.67
PTarget
LFood:Groceries
CR
^
D04/16/2022
T-69.08
PShell
LTransportation:Gas
CR
^
D04/17/2022
T-118.19
PSafeway
LFood:Groceries
CR
^
D04/17/2022
T-12.66
PChipotle Mexican Grill
LFood:Dining
CR
^
D04/17/2022
T-71.85
PChevron
LTransportation:Gas
CR
^
D04/17/2022
T-22.32
PLyft
LTransportation:Rideshare
CR
^
D04/18/2022
T-123.83
PSafeway
MSplit purchase - groceries and household
CR
SFood:Groceries
$-86.68
SHousing:Maintenance
$-37.15
^
D04/18/2022
T-6.32
PPeet's Coffee
LFood:Coffee
CR
^
D04/18/2022
T-74.73
PShell
LTransportation:Gas
CR
^
D04/19/2022
T-5.95
PPeet's Coffee
LFood:Coffee
CR
^
D04/20/2022
T-40.28
PChipotle Mexican Grill
LFood:Dining
CR
^
D04/21/2022
T-117.39
PSafeway
LFood:Groceries
CR
^
D04/21/2022
T-28.73
PDoorDash
LFood:Dining
^
D04/22/2022
T-102.20
PCostco
LFood:Groceries
^
D04/22/2022
T-42.61
PChipotle Mexican Grill
LFood:Dining
CR
^
D04/22/2022
T-31.16
PApple Store
LPersonal:Education
CR
^
D04/23/2022
T-51.09
PWhole Foods Market
LFood:Groceries
CR
A123 Market St
ASan Francisco, CA 94102
^
D04/23/2022
T-70.31
PChipotle Mexican Grill
LFood:Dining
CR
^
D04/24/2022
T-52.15
PCostco
LFood:Groceries
CR
^
D04/24/2022
T-41.03
P76 Station
LTransportation:Gas
Cc
^
D04/25/2022
T-102.03
PSafeway
LFood:Groceries
CR
^
D04/25/2022
T-67.02
PThai Basil Restaurant
LFood:Dining
Cc
^
D04/25/2022
T-4.73
PPeet's Coffee
LFood:Coffee
CR
^
D04/25/2022
T-68.66
P76 Station
LTransportation:Gas
CR
^
D04/26/2022
T-40.47
PDoorDash
LFood:Dining
Cc
^
D04/26/2022
T-5.18
PPeet's Coffee
LFood:Coffee
CR
^
D04/27/2022
T-70.73
PPizza Hut
LFood:Dining
CR
^
D04/27/2022
T-5.57
PStarbucks
LFood:Coffee
CR
^
D04/28/2022
T2477.61
PPayment from Checking
MPayment received
L[Primary Checking]
CR
^
D04/28/2022
T-7.14
PPeet's Coffee
LFood:Coffee
CR
^
D04/28/2022
T-50.62
PREI
LEntertainment:Sports
^
D04/29/2022
T-7.93
PStarbucks
LFood:Coffee
CR
^
D04/29/2022
T-40.57
PChevron
LTransportation:Gas
CR
^
D04/30/2022
T-49.01
PSafeway
LFood:Groceries
CR
^
D05/01/2022
T-91.83
PTarget
LFood:Groceries
CR
^
D05/01/2022
T-49.76
PThai Basil Restaurant
LFood:Dining
CR
^
D05/02/2022
T-112.46
PTrader Joe's
LFood:Groceries
CR
A456 Grocery Ave
ASan Francisco, CA 94103
^
D05/02/2022
T-6.76
PPeet's Coffee
LFood:Coffee
CR
^
D05/03/2022
T-25.71
PChipotle Mexican Grill
LFood:Dining
CR
^
D05/03/2022
T-7.13
PPeet's Coffee
LFood:Coffee
CR
^
D05/05/2022
T-78.03
PCostco
LFood:Groceries
CR
^
D05/05/2022
T-51.43
PPizza Hut
LFood:Dining
CR
^
D05/05/2022
T-7.52
PStarbucks
LFood:Coffee
CR
^
D05/06/2022
T-175.70
PTrader Joe's
LFood:Groceries
CR
A456 Grocery Ave
ASan Francisco, CA 94103
^
D05/06/2022
T-65.93
PChevron
LTransportation:Gas
CR
^
D05/07/2022
T-15.99
PNetflix
LUtilities:Streaming
CR
^
D05/07/2022
T-73.63
PDoorDash
LFood:Dining
CR
^
D05/08/2022
T-14.99
PAmazon
LPersonal:Subscriptions
CR
A410 Terry Ave N
ASeattle      , WA 98109
^
D05/08/2022
T-30.04
PDoorDash
LFood:Dining
CR
^
D05/08/2022
T-34.71
PLyft
LTransportation:Rideshare
Cc
^
D05/08/2022
T-184.46
PBest Buy
LEntertainment:Games
CR
^
D05/09/2022
T-10.99
PSpotify
LUtilities:Streaming
CR
^
D05/09/2022
T-7.99
PDisney+
LUtilities:Streaming
CR
^
D05/09/2022
T-34.17
PChipotle Mexican Grill
LFood:Dining
CR
^
D05/09/2022
T-5.68
PStarbucks
LFood:Coffee
CR
^
D05/10/2022
T-119.47
PTarget
LFood:Groceries
CR
^
D05/10/2022
T-6.08
PStarbucks
LFood:Coffee
CR
^
D05/11/2022
T-31.47
PThai Basil Restaurant
LFood:Dining
CR
^
D05/11/2022
T-4.41
PStarbucks
LFood:Coffee
CR
^
D05/12/2022
T-24.64
PPizza Hut
LFood:Dining
CR
^
D05/12/2022
T-5.29
PPeet's Coffee
LFood:Coffee
CR
^
D05/13/2022
T-7.84
PPeet's Coffee
LFood:Coffee
CR
^
D05/13/2022
T-38.25
PChevron
LTransportation:Gas
CR
^
D05/14/2022
T-151.55
PCostco
LFood:Groceries
CR
^
D05/14/2022
T-25.34
PUber Eats
LFood:Dining
CR
^
D05/15/2022
T-18.61
PChipotle Mexican Grill
LFood:Dining
CR
^
D05/16/2022
T-152.79
PTarget
LFood:Groceries
CR
^
D05/17/2022
T-71.58
PDoorDash
LFood:Dining
CR
^
D05/18/2022
T-47.84
PTrader Joe's
LFood:Groceries
CR
A456 Grocery Ave
ASan Francisco, CA 94103
^
D05/18/2022
T-71.01
PDoorDash
LFood:Dining
CR
^
D05/18/2022
T-5.74
PStarbucks
LFood:Coffee
CR
^
D05/19/2022
T-6.52
PPeet's Coffee
LFood:Coffee
CR
^
D05/20/2022
T-13.71
PPizza Hut
LFood:Dining
CR
^
D05/20/2022
T-5.24
PPeet's Coffee
LFood:Coffee
CR
^
D05/21/2022
T-33.00
PChipotle Mexican Grill
LFood:Dining
CR
^
D05/22/2022
T-67.24
PTarget
LFood:Groceries
CR
^
D05/22/2022
T-59.97
PUber Eats
LFood:Dining
CR
^
D05/23/2022
T-4.54
PPeet's Coffee
LFood:Coffee
CR
^
D05/23/2022
T-74.14
P76 Station
LTransportation:Gas
CR
^
D05/24/2022
T-51.46
PThai Basil Restaurant
LFood:Dining
CR
^
D05/24/2022
T-6.88
PStarbucks
LFood:Coffee
CR
^
D05/25/2022
T-68.31
PShell
LTransportation:Gas
CR
^
D05/26/2022
T-73.49
PThai Basil Restaurant
LFood:Dining
CR
^
D05/26/2022
T-5.98
PStarbucks
LFood:Coffee
CR
^
D05/27/2022
T-114.46
PTrader Joe's
LFood:Groceries
CR
A456 Grocery Ave
ASan Francisco, CA 94103
^
D05/28/2022
T2296.20
PPayment from Checking
MPayment received
L[Primary Checking]
CR
^
D05/28/2022
T-46.69
PChipotle Mexican Grill
LFood:Dining
CR
^
D05/28/2022
T-37.87
PUber
LTransportation:Rideshare
CR
^
D05/29/2022
T-166.63
PWhole Foods Market
LFood:Groceries
CR
A123 Market St
ASan Francisco, CA 94102
^
D05/29/2022
T-108.95
PNordstrom
LPersonal:Clothing
CR
^
D05/30/2022
T-50.62
P76 Station
LTransportation:Gas
CR
^
D05/31/2022
T-6.27
PStarbucks
LFood:Coffee
Cc
^
D06/01/2022
T-7.91
PPeet's Coffee
LFood:Coffee
Cc
^
D06/01/2022
T-51.00
PChevron
LTransportation:Gas
CR
^
D06/02/2022
T-146.02
PTrader Joe's
LFood:Groceries
CR
A456 Grocery Ave
ASan Francisco, CA 94103
^
D06/02/2022
T-71.99
PUber Eats
LFood:Dining
CR
^
D06/02/2022
T-6.14
PPeet's Coffee
LFood:Coffee
CR
^
D06/03/2022
T-5.72
PStarbucks
LFood:Coffee
CR
^
D06/04/2022
T-40.57
PPizza Hut
LFood:Dining
CR
^
D06/04/2022
T-39.51
PUber
LTransportation:Rideshare
CR
^
D06/05/2022
T-10.99
PSpotify
LUtilities:Streaming
CR
^
D06/05/2022
T-26.80
PPizza Hut
LFood:Dining
CR
^
D06/05/2022
T-35.49
PLyft
LTransportation:Rideshare
CR
^
D06/06/2022
T-7.99
PDisney+
LUtilities:Streaming
CR
^
D06/06/2022
T-108.92
PTrader Joe's
LFood:Groceries
Cc
A456 Grocery Ave
ASan Francisco, CA 94103
^
D06/06/2022
T-5.68
PStarbucks
LFood:Coffee
CR
^
D06/07/2022
T-20.54
PUber Eats
LFood:Dining
CR
^
D06/08/2022
T-7.32
PPeet's Coffee
LFood:Coffee
CR
^
D06/09/2022
T-15.99
PNetflix
LUtilities:Streaming
CR
^
D06/09/2022
T-14.99
PAmazon
LPersonal:Subscriptions
CR
A410 Terry Ave N
ASeattle      , WA 98109
^
D06/09/2022
T-27.07
PChipotle Mexican Grill
LFood:Dining
CR
^
D06/09/2022
T-5.56
PPeet's Coffee
LFood:Coffee
CR
^
D06/10/2022
T-21.25
PDoorDash
LFood:Dining
CR
^
D06/11/2022
T-70.94
PThai Basil Restaurant
LFood:Dining
CR
^
D06/11/2022
T-71.88
P76 Station
LTransportation:Gas
CR
^
D06/11/2022
T-26.45
PLyft
LTransportation:Rideshare
CR
^
D06/12/2022
T-74.92
PPizza Hut
LFood:Dining
CR
^
D06/13/2022
T-70.31
PUber Eats
LFood:Dining
CR
^
D06/13/2022
T-4.42
PStarbucks
LFood:Coffee
CR
^
D06/14/2022
T-51.71
PChipotle Mexican Grill
LFood:Dining
CR
^
D06/14/2022
T-47.35
PShell
LTransportation:Gas
CR
^
D06/14/2022
T-61.91
PREI
LEntertainment:Sports
CR
^
D06/15/2022
T-65.62
P76 Station
LTransportation:Gas
CR
^
D06/16/2022
T-7.22
PPeet's Coffee
LFood:Coffee
CR
^
D06/18/2022
T-145.16
PSafeway
LFood:Groceries
CR
^
D06/18/2022
T-18.81
PPizza Hut
LFood:Dining
CR
^
D06/18/2022
T-34.11
PUber
LTransportation:Rideshare
CR
^
D06/19/2022
T-48.83
PChipotle Mexican Grill
LFood:Dining
Cc
^
D06/20/2022
T-7.11
PStarbucks
LFood:Coffee
CR
^
D06/21/2022
T-44.18
PDoorDash
LFood:Dining
CR
^
D06/22/2022
T-33.72
PThai Basil Restaurant
LFood:Dining
CR
^
D06/22/2022
T-6.98
PStarbucks
LFood:Coffee
CR
^
D06/23/2022
T-29.00
PChipotle Mexican Grill
LFood:Dining
CR
^
D06/23/2022
T-46.90
PBest Buy
LEntertainment:Games
^
D06/24/2022
T-45.92
PDoorDash
LFood:Dining
CR
^
D06/24/2022
T-4.57
PStarbucks
LFood:Coffee
CR
^
D06/25/2022
T-141.17
PCostco
MSplit purchase - groceries and household
CR
SFood:Groceries
$-98.82
SHousing:Maintenance
$-42.35
^
D06/26/2022
T-88.32
PCostco
LFood:Groceries
CR
^
D06/28/2022
T3190.20
PPayment from Checking
MPayment received
L[Primary Checking]
CR
^
D06/28/2022
T-4.16
PPeet's Coffee
LFood:Coffee
CR
^
D06/28/2022
T-73.30
PChevron
LTransportation:Gas
CR
^
D06/29/2022
T-23.01
PUber Eats
LFood:Dining
CR
^
D06/29/2022
T-5.91
PPeet's Coffee
LFood:Coffee
CR
^
D06/30/2022
T-98.31
PWhole Foods Market
LFood:Groceries
CR
A123 Market St
ASan Francisco, CA 94102
^
D06/30/2022
T-25.17
PUber Eats
LFood:Dining
^
D07/01/2022
T-158.08
PTrader Joe's
LFood:Groceries
CR
A456 Grocery Ave
ASan Francisco, CA 94103
^
D07/01/2022
T-4.09
PStarbucks
LFood:Coffee
CR
^
D07/02/2022
T-61.62
PChipotle Mexican Grill
LFood:Dining
CR
^
D07/03/2022
T-46.47
PUber Eats
LFood:Dining
CR
^
D07/04/2022
T-4.20
PStarbucks
LFood:Coffee
CR
^
D07/04/2022
T-67.76
PShell
LTransportation:Gas
CR
^
D07/05/2022
T-151.35
PCostco
LFood:Groceries
CR
^
D07/05/2022
T-47.43
PPizza Hut
LFood:Dining
CR
^
D07/05/2022
T-7.50
PStarbucks
LFood:Coffee
CR
^
D07/06/2022
T-10.99
PSpotify
LUtilities:Streaming
CR
^
D07/06/2022
T-55.04
PThai Basil Restaurant
LFood:Dining
^
D07/06/2022
T-5.36
PStarbucks
LFood:Coffee
CR
^
D07/07/2022
T-14.99
PAmazon
LPersonal:Subscriptions
CR
A410 Terry Ave N
ASeattle      , WA 98109
^
D07/07/2022
T-170.45
PWhole Foods Market
LFood:Groceries
CR
A123 Market St
ASan Francisco, CA 94102
^
D07/07/2022
T-5.04
PPeet's Coffee
LFood:Coffee
Cc
^
D07/08/2022
T-15.99
PNetflix
LUtilities:Streaming
CR
^
D07/09/2022
T-7.99
PDisney+
LUtilities:Streaming
CR
^
D07/10/2022
T-23.46
PThai Basil Restaurant
LFood:Dining
CR
^
D07/11/2022
T-6.96
PStarbucks
LFood:Coffee
CR
^
D07/11/2022
T-68.44
PShell
LTransportation:Gas
^
D07/12/2022
T-69.79
PUber Eats
LFood:Dining
CR
^
D07/13/2022
T-165.52
PSafeway
LFood:Groceries
CR
^
D07/13/2022
T-17.83
PDoorDash
LFood:Dining
Cc
^
D07/13/2022
T-4.06
PPeet's Coffee
LFood:Coffee
CR
^
D07/15/2022
T-760.05
PSouthwest Airlines
MSummer vacation flights
LTravel:Flights
CR
^
D07/16/2022
T-775.72
PMarriott Hotels
MSummer vacation lodging
LTravel:Hotels
Cc
^
D07/16/2022
T-173.66
PSafeway
LFood:Groceries
CR
^
D07/16/2022
T-62.03
PChevron
LTransportation:Gas
^
D07/18/2022
T-173.58
PWhole Foods Market
LFood:Groceries
CR
A123 Market St
ASan Francisco, CA 94102
^
D07/18/2022
T-13.89
PPizza Hut
LFood:Dining
CR
^
D07/18/2022
T-5.25
PPeet's Coffee
LFood:Coffee
CR
^
D07/19/2022
T-32.58
PChipotle Mexican Grill
LFood:Dining
CR
^
D07/19/2022
T-5.61
PPeet's Coffee
LFood:Coffee
CR
^
D07/20/2022
T-6.45
PStarbucks
LFood:Coffee
CR
^
D07/21/2022
T-69.05
PChipotle Mexican Grill
LFood:Dining
CR
^
D07/21/2022
T-7.91
PStarbucks
LFood:Coffee
CR
^
D07/22/2022
T-6.57
PPeet's Coffee
LFood:Coffee
Cc
^
D07/23/2022
T-61.63
PTarget
LFood:Groceries
CR
^
D07/23/2022
T-60.55
PUber Eats
LFood:Dining
^
D07/24/2022
T-53.49
PTrader Joe's
LFood:Groceries
CR
A456 Grocery Ave
ASan Francisco, CA 94103
^
D07/24/2022
T-19.94
PLyft
LTransportation:Rideshare
CR
^
D07/24/2022
T-127.50
PNordstrom
LPersonal:Clothing
CR
^
D07/25/2022
T-142.25
PCostco
LFood:Groceries
CR
^
D07/25/2022
T-7.09
PStarbucks
LFood:Coffee
CR
^
D07/26/2022
T-55.77
PDoorDash
LFood:Dining
CR
^
D07/26/2022
T-46.11
PShell
LTransportation:Gas
CR
^
D07/27/2022
T-28.66
PUber Eats
LFood:Dining
CR
^
D07/27/2022
T-7.58
PStarbucks
LFood:Coffee
CR
^
D07/28/2022
T1577.68
PPayment from Checking
MPayment received
L[Primary Checking]
CR
^
D07/28/2022
T-23.53
PThai Basil Restaurant
LFood:Dining
CR
^
D07/29/2022
T-56.05
PTrader Joe's
LFood:Groceries
CR
A456 Grocery Ave
ASan Francisco, CA 94103
^
D07/29/2022
T-50.26
PPizza Hut
LFood:Dining
CR
^
D07/29/2022
T-6.85
PPeet's Coffee
LFood:Coffee
CR
^
D07/29/2022
T-30.62
PNordstrom
LPersonal:Clothing
CR
^
D07/30/2022
T-50.08
PUber Eats
LFood:Dining
CR
^
D07/30/2022
T-25.34
PUber
LTransportation:Rideshare
CR
^
D07/31/2022
T-149.36
PSafeway
LFood:Groceries
^
D07/31/2022
T-28.22
PChipotle Mexican Grill
LFood:Dining
Cc
^
D08/01/2022
T-134.79
PTarget
MSplit purchase - groceries and household
CR
SFood:Groceries
$-94.35
SHousing:Maintenance
$-40.44
^
D08/01/2022
T-25.95
PPizza Hut
LFood:Dining
CR
^
D08/03/2022
T-38.54
PDoorDash
LFood:Dining
Cc
^
D08/03/2022
T-4.21
PPeet's Coffee
LFood:Coffee
CR
^
D08/04/2022
T-6.23
PStarbucks
LFood:Coffee
CR
^
D08/05/2022
T-7.99
PDisney+
LUtilities:Streaming
CR
^
D08/05/2022
T-4.92
PPeet's Coffee
LFood:Coffee
CR
^
D08/06/2022
T-146.99
PTarget
LFood:Groceries
CR
^
D08/07/2022
T-15.99
PNetflix
LUtilities:Streaming
CR
^
D08/07/2022
T-10.99
PSpotify
LUtilities:Streaming
CR
^
D08/07/2022
T-145.30
PCostco
LFood:Groceries
CR
^
D08/07/2022
T-36.55
PThai Basil Restaurant
LFood:Dining
CR
^
D08/08/2022
T-14.99
PAmazon
LPersonal:Subscriptions
CR
A410 Terry Ave N
ASeattle      , WA 98109
^
D08/08/2022
T-39.40
PChipotle Mexican Grill
LFood:Dining
CR
^
D08/08/2022
T-7.00
PPeet's Coffee
LFood:Coffee
CR
^
D08/09/2022
T-154.63
PTrader Joe's
LFood:Groceries
CR
A456 Grocery Ave
ASan Francisco, CA 94103
^
D08/09/2022
T-31.32
PChipotle Mexican Grill
LFood:Dining
CR
^
D08/09/2022
T-7.61
PStarbucks
LFood:Coffee
CR
^
D08/10/2022
T-7.12
PPeet's Coffee
LFood:Coffee
CR
^
D08/10/2022
T-38.19
P76 Station
LTransportation:Gas
CR
^
D08/10/2022
T-124.48
PNordstrom
LPersonal:Clothing
CR
^
D08/11/2022
T-36.87
PChipotle Mexican Grill
LFood:Dining
CR
^
D08/11/2022
T-4.27
PStarbucks
LFood:Coffee
CR
^
D08/12/2022
T-66.05
PTarget
LFood:Groceries
CR
^
D08/12/2022
T-4.75
PStarbucks
LFood:Coffee
CR
^
D08/13/2022
T-164.26
PSafeway
LFood:Groceries
Cc
^
D08/14/2022
T-35.05
PShell
LTransportation:Gas
CR
^
D08/15/2022
T-43.39
PTrader Joe's
LFood:Groceries
CR
A456 Grocery Ave
ASan Francisco, CA 94103
^
D08/15/2022
T-17.49
PThai Basil Restaurant
LFood:Dining
CR
^
D08/15/2022
T-7.57
PPeet's Coffee
LFood:Coffee
CR
^
D08/16/2022
T-164.28
PTarget
LFood:Groceries
CR
^
D08/16/2022
T-6.92
PStarbucks
LFood:Coffee
CR
^
D08/16/2022
T-51.23
PShell
LTransportation:Gas
CR
^
D08/17/2022
T-30.62
PPizza Hut
LFood:Dining
CR
^
D08/17/2022
T-7.17
PStarbucks
LFood:Coffee
CR
^
D08/19/2022
T-35.94
PDoorDash
LFood:Dining
CR
^
D08/19/2022
T-4.74
PPeet's Coffee
LFood:Coffee
CR
^
D08/19/2022
T-41.96
PShell
LTransportation:Gas
CR
^
D08/20/2022
T-160.08
PSafeway
LFood:Groceries
CR
^
D08/20/2022
T-32.12
PLyft
LTransportation:Rideshare
CR
^
D08/22/2022
T-57.97
PChipotle Mexican Grill
LFood:Dining
CR
^
D08/22/2022
T-4.87
PPeet's Coffee
LFood:Coffee
CR
^
D08/23/2022
T-6.33
PStarbucks
LFood:Coffee
CR
^
D08/23/2022
T-62.47
PApple Store
LPersonal:Education
CR
^
D08/24/2022
T-7.77
PPeet's Coffee
LFood:Coffee
CR
^
D08/24/2022
T-52.19
PShell
LTransportation:Gas
CR
^
D08/26/2022
T-74.24
PChevron
LTransportation:Gas
CR
^
D08/26/2022
T-62.28
PBest Buy
LEntertainment:Games
Cc
^
D08/27/2022
T-59.72
PTrader Joe's
LFood:Groceries
CR
A456 Grocery Ave
ASan Francisco, CA 94103
^
D08/27/2022
T-73.37
P76 Station
LTransportation:Gas
CR
^
D08/28/2022
T2230.00
PPayment from Checking
MPayment received
L[Primary Checking]
CR
^
D08/28/2022
T-127.80
PTrader Joe's
LFood:Groceries
CR
A456 Grocery Ave
ASan Francisco, CA 94103
^
D08/28/2022
T-53.54
PChipotle Mexican Grill
LFood:Dining
CR
^
D08/29/2022
T-5.06
PStarbucks
LFood:Coffee
CR
^
D08/30/2022
T-53.19
PThai Basil Restaurant
LFood:Dining
CR
^
D08/30/2022
T-7.06
PStarbucks
LFood:Coffee
CR
^
D08/30/2022
T-40.22
PChevron
LTransportation:Gas
CR
^
D08/31/2022
T-128.48
PTrader Joe's
LFood:Groceries
CR
A456 Grocery Ave
ASan Francisco, CA 94103
^
D08/31/2022
T-34.04
PChipotle Mexican Grill
LFood:Dining
CR
^
D08/31/2022
T-4.09
PStarbucks
LFood:Coffee
CR
^
D09/01/2022
T-17.52
PUber Eats
LFood:Dining
CR
^
D09/01/2022
T-7.69
PStarbucks
LFood:Coffee
CR
^
D09/02/2022
T-6.31
PStarbucks
LFood:Coffee
CR
^
D09/02/2022
T-47.44
PREI
LEntertainment:Sports
CR
^
D09/06/2022
T-10.99
PSpotify
LUtilities:Streaming
CR
^
D09/06/2022
T-6.40
PPeet's Coffee
LFood:Coffee
CR
^
D09/07/2022
T-72.41
PChevron
LTransportation:Gas
CR
^
D09/08/2022
T-15.99
PNetflix
LUtilities:Streaming
CR
^
D09/08/2022
T-7.99
PDisney+
LUtilities:Streaming
CR
^
D09/08/2022
T-14.99
PAmazon
LPersonal:Subscriptions
CR
A410 Terry Ave N
ASeattle      , WA 98109
^
D09/08/2022
T-57.32
PUber Eats
LFood:Dining
CR
^
D09/08/2022
T-6.48
PStarbucks
LFood:Coffee
CR
^
D09/09/2022
T-67.78
PPizza Hut
LFood:Dining
CR
^
D09/09/2022
T-6.55
PPeet's Coffee
LFood:Coffee
CR
^
D09/09/2022
T-50.24
PChevron
LTransportation:Gas
CR
^
D09/10/2022
T-55.34
PShell
LTransportation:Gas
CR
^
D09/10/2022
T-21.83
PLyft
LTransportation:Rideshare
CR
^
D09/12/2022
T-31.06
PChipotle Mexican Grill
LFood:Dining
CR
^
D09/12/2022
T-7.98
PPeet's Coffee
LFood:Coffee
CR
^
D09/13/2022
T-18.80
PUber Eats
LFood:Dining
CR
^
D09/14/2022
T-60.45
PPizza Hut
LFood:Dining
CR
^
D09/14/2022
T-60.15
PApple Store
LPersonal:Education
CR
^
D09/15/2022
T-6.86
PPeet's Coffee
LFood:Coffee
CR
^
D09/16/2022
T-51.02
PChevron
LTransportation:Gas
CR
^
D09/17/2022
T-144.92
PTrader Joe's
LFood:Groceries
CR
A456 Grocery Ave
ASan Francisco, CA 94103
^
D09/17/2022
T-49.50
PChipotle Mexican Grill
LFood:Dining
CR
^
D09/18/2022
T-18.08
PUber Eats
LFood:Dining
CR
^
D09/19/2022
T-97.73
PSafeway
LFood:Groceries
CR
^
D09/19/2022
T-38.19
PUber Eats
LFood:Dining
Cc
^
D09/19/2022
T-4.84
PStarbucks
LFood:Coffee
CR
^
D09/20/2022
T-66.69
PTrader Joe's
LFood:Groceries
CR
A456 Grocery Ave
ASan Francisco, CA 94103
^
D09/22/2022
T-126.47
PSafeway
LFood:Groceries
CR
^
D09/22/2022
T-37.07
PUber Eats
LFood:Dining
CR
^
D09/22/2022
T-5.75
PStarbucks
LFood:Coffee
^
D09/23/2022
T-66.68
PChipotle Mexican Grill
LFood:Dining
CR
^
D09/23/2022
T-6.22
PPeet's Coffee
LFood:Coffee
CR
^
D09/24/2022
T-130.89
PTrader Joe's
LFood:Groceries
CR
A456 Grocery Ave
ASan Francisco, CA 94103
^
D09/27/2022
T-74.72
PUber Eats
LFood:Dining
CR
^
D09/27/2022
T-4.67
PPeet's Coffee
LFood:Coffee
CR
^
D09/28/2022
T3256.43
PPayment from Checking
MPayment received
L[Primary Checking]
CR
^
D09/28/2022
T-6.26
PPeet's Coffee
LFood:Coffee
CR
^
D09/29/2022
T-4.19
PPeet's Coffee
LFood:Coffee
CR
^
D09/30/2022
T-7.73
PStarbucks
LFood:Coffee
CR
^
D09/30/2022
T-62.07
PShell
LTransportation:Gas
CR
^
D10/02/2022
T-62.03
PPizza Hut
LFood:Dining
CR
^
D10/03/2022
T-64.64
PPizza Hut
LFood:Dining
CR
^
D10/03/2022
T-4.26
PStarbucks
LFood:Coffee
CR
^
D10/04/2022
T-4.46
PPeet's Coffee
LFood:Coffee
CR
^
D10/05/2022
T-10.99
PSpotify
LUtilities:Streaming
CR
^
D10/05/2022
T-65.29
PChipotle Mexican Grill
LFood:Dining
CR
^
D10/05/2022
T-5.57
PStarbucks
LFood:Coffee
CR
^
D10/06/2022
T-166.73
PTarget
LFood:Groceries
CR
^
D10/06/2022
T-6.80
PStarbucks
LFood:Coffee
CR
^
D10/07/2022
T-7.99
PDisney+
LUtilities:Streaming
CR
^
D10/07/2022
T-14.99
PAmazon
LPersonal:Subscriptions
CR
A410 Terry Ave N
ASeattle      , WA 98109
^
D10/07/2022
T-194.82
PBest Buy
LEntertainment:Games
CR
^
D10/09/2022
T-15.99
PNetflix
LUtilities:Streaming
CR
^
D10/09/2022
T-57.20
PThai Basil Restaurant
LFood:Dining
CR
^
D10/10/2022
T-12.47
PUber Eats
LFood:Dining
CR
^
D10/10/2022
T-5.70
PStarbucks
LFood:Coffee
CR
^
D10/11/2022
T-169.23
PSafeway
LFood:Groceries
CR
^
D10/11/2022
T-6.12
PPeet's Coffee
LFood:Coffee
CR
^
D10/12/2022
T-6.61
PPeet's Coffee
LFood:Coffee
CR
^
D10/13/2022
T-5.87
PStarbucks
LFood:Coffee
^
D10/13/2022
T-41.08
PShell
LTransportation:Gas
CR
^
D10/15/2022
T-66.08
PDoorDash
LFood:Dining
CR
^
D10/17/2022
T-4.37
PPeet's Coffee
LFood:Coffee
CR
^
D10/18/2022
T-113.52
PTarget
MSplit purchase - groceries and household
CR
SFood:Groceries
$-79.46
SHousing:Maintenance
$-34.06
^
D10/19/2022
T-64.45
PDoorDash
LFood:Dining
CR
^
D10/19/2022
T-5.33
PStarbucks
LFood:Coffee
CR
^
D10/19/2022
T-35.17
PShell
LTransportation:Gas
CR
^
D10/20/2022
T-79.06
PSafeway
LFood:Groceries
CR
^
D10/20/2022
T-62.19
PChipotle Mexican Grill
LFood:Dining
CR
^
D10/20/2022
T-45.50
P76 Station
LTransportation:Gas
CR
^
D10/20/2022
T-57.92
PREI
LEntertainment:Sports
CR
^
D10/21/2022
T-48.83
P76 Station
LTransportation:Gas
CR
^
D10/22/2022
T-24.48
PPizza Hut
LFood:Dining
CR
^
D10/22/2022
T-18.37
PUber
LTransportation:Rideshare
CR
^
D10/23/2022
T-71.88
P76 Station
LTransportation:Gas
CR
^
D10/24/2022
T-52.85
PDoorDash
LFood:Dining
CR
^
D10/24/2022
T-4.13
PStarbucks
LFood:Coffee
CR
^
D10/25/2022
T-67.12
PTarget
LFood:Groceries
CR
^
D10/25/2022
T-59.09
PChipotle Mexican Grill
LFood:Dining
Cc
^
D10/25/2022
T-58.66
PShell
LTransportation:Gas
CR
^
D10/26/2022
T-61.84
PThai Basil Restaurant
LFood:Dining
CR
^
D10/27/2022
T-55.69
PThai Basil Restaurant
LFood:Dining
CR
^
D10/27/2022
T-5.09
PPeet's Coffee
LFood:Coffee
CR
^
D10/27/2022
T-39.93
PChevron
LTransportation:Gas
CR
^
D10/28/2022
T2770.98
PPayment from Checking
MPayment received
L[Primary Checking]
CR
^
D10/28/2022
T-45.96
PThai Basil Restaurant
LFood:Dining
Cc
^
D10/28/2022
T-7.24
PPeet's Coffee
LFood:Coffee
CR
^
D10/29/2022
T-38.26
PChipotle Mexican Grill
LFood:Dining
CR
^
D10/30/2022
T-37.16
PChipotle Mexican Grill
LFood:Dining
CR
^
D10/30/2022
T-42.41
PShell
LTransportation:Gas
CR
^
D10/31/2022
T-45.65
PCostco
LFood:Groceries
CR
^
D10/31/2022
T-22.44
PChipotle Mexican Grill
LFood:Dining
CR
^
D10/31/2022
T-6.15
PPeet's Coffee
LFood:Coffee
CR
^
D11/01/2022
T-67.63
PChevron
LTransportation:Gas
CR
^
D11/02/2022
T-65.96
PDoorDash
LFood:Dining
CR
^
D11/02/2022
T-5.17
PStarbucks
LFood:Coffee
CR
^
D11/02/2022
T-53.40
PChevron
LTransportation:Gas
CR
^
D11/03/2022
T-40.20
PUber Eats
LFood:Dining
^
D11/03/2022
T-4.21
PPeet's Coffee
LFood:Coffee
CR
^
D11/05/2022
T-7.99
PDisney+
LUtilities:Streaming
CR
^
D11/05/2022
T-67.46
PDoorDash
LFood:Dining
CR
^
D11/06/2022
T-10.99
PSpotify
LUtilities:Streaming
CR
^
D11/06/2022
T-72.62
PDoorDash
LFood:Dining
CR
^
D11/06/2022
T-73.47
PChevron
LTransportation:Gas
CR
^
D11/06/2022
T-39.96
PUber
LTransportation:Rideshare
CR
^
D11/07/2022
T-80.80
PCostco
LFood:Groceries
CR
^
D11/07/2022
T-39.65
PThai Basil Restaurant
LFood:Dining
CR
^
D11/07/2022
T-7.73
PStarbucks
LFood:Coffee
CR
^
D11/07/2022
T-45.17
PChevron
LTransportation:Gas
Cc
^
D11/08/2022
T-7.63
PStarbucks
LFood:Coffee
CR
^
D11/08/2022
T-64.30
P76 Station
LTransportation:Gas
CR
^
D11/09/2022
T-15.99
PNetflix
LUtilities:Streaming
CR
^
D11/09/2022
T-14.99
PAmazon
LPersonal:Subscriptions
CR
A410 Terry Ave N
ASeattle      , WA 98109
^
D11/10/2022
T-6.22
PPeet's Coffee
LFood:Coffee
^
D11/11/2022
T-39.39
PChipotle Mexican Grill
LFood:Dining
CR
^
D11/11/2022
T-4.20
PPeet's Coffee
LFood:Coffee
CR
^
D11/11/2022
T-46.83
PShell
LTransportation:Gas
CR
^
D11/13/2022
T-21.10
PUber Eats
LFood:Dining
CR
^
D11/13/2022
T-174.29
PREI
LEntertainment:Sports
^
D11/14/2022
T-5.34
PStarbucks
LFood:Coffee
CR
^
D11/16/2022
T-7.75
PPeet's Coffee
LFood:Coffee
CR
^
D11/17/2022
T-23.45
PThai Basil Restaurant
LFood:Dining
CR
^
D11/18/2022
T-56.93
PUber Eats
LFood:Dining
CR
^
D11/18/2022
T-5.36
PStarbucks
LFood:Coffee
CR
^
D11/18/2022
T-64.86
PApple Store
LPersonal:Education
CR
^
D11/19/2022
T-30.11
PLyft
LTransportation:Rideshare
CR
^
D11/20/2022
T-90.32
PTrader Joe's
LFood:Groceries
CR
A456 Grocery Ave
ASan Francisco, CA 94103
^
D11/20/2022
T-59.84
PShell
LTransportation:Gas
CR
^
D11/21/2022
T-4.21
PPeet's Coffee
LFood:Coffee
CR
^
D11/22/2022
T-7.10
PPeet's Coffee
LFood:Coffee
^
D11/23/2022
T-55.72
PThai Basil Restaurant
LFood:Dining
CR
^
D11/23/2022
T-5.81
PPeet's Coffee
LFood:Coffee
CR
^
D11/24/2022
T-4.55
PPeet's Coffee
LFood:Coffee
CR
^
D11/24/2022
T-39.38
PChevron
LTransportation:Gas
CR
^
D11/25/2022
T-38.99
PShell
LTransportation:Gas
CR
^
D11/26/2022
T-19.94
PUber
LTransportation:Rideshare
CR
^
D11/27/2022
T-24.46
PLyft
LTransportation:Rideshare
^
D11/28/2022
T3376.38
PPayment from Checking
MPayment received
L[Primary Checking]
CR
^
D11/30/2022
T-7.43
PStarbucks
LFood:Coffee
CR
^
D12/01/2022
T-149.51
PTarget
LFood:Groceries
CR
^
D12/01/2022
T-44.04
PChipotle Mexican Grill
LFood:Dining
CR
^
D12/01/2022
T-4.01
PStarbucks
LFood:Coffee
CR
^
D12/02/2022
T-6.22
PStarbucks
LFood:Coffee
CR
^
D12/03/2022
T-164.86
PTrader Joe's
LFood:Groceries
CR
A456 Grocery Ave
ASan Francisco, CA 94103
^
D12/03/2022
T-73.67
PChipotle Mexican Grill
LFood:Dining
CR
^
D12/03/2022
T-34.51
PLyft
LTransportation:Rideshare
CR
^
D12/04/2022
T-120.15
PWhole Foods Market
LFood:Groceries
CR
A123 Market St
ASan Francisco, CA 94102
^
D12/05/2022
T-14.99
PAmazon
LPersonal:Subscriptions
CR
A410 Terry Ave N
ASeattle      , WA 98109
^
D12/05/2022
T-157.45
PTrader Joe's
LFood:Groceries
CR
A456 Grocery Ave
ASan Francisco, CA 94103
^
D12/05/2022
T-66.22
PThai Basil Restaurant
LFood:Dining
CR
^
D12/05/2022
T-5.90
PPeet's Coffee
LFood:Coffee
CR
^
D12/06/2022
T-35.34
PPizza Hut
LFood:Dining
CR
^
D12/06/2022
T-7.85
PPeet's Coffee
LFood:Coffee
CR
^
D12/07/2022
T-57.27
P76 Station
LTransportation:Gas
CR
^
D12/08/2022
T-7.99
PDisney+
LUtilities:Streaming
CR
^
D12/08/2022
T-175.02
PCostco
LFood:Groceries
CR
^
D12/08/2022
T-67.95
PDoorDash
LFood:Dining
CR
^
D12/08/2022
T-7.63
PPeet's Coffee
LFood:Coffee
CR
^
D12/09/2022
T-15.99
PNetflix
LUtilities:Streaming
CR
^
D12/09/2022
T-10.99
PSpotify
LUtilities:Streaming
CR
^
D12/09/2022
T-104.87
PTarget
MSplit purchase - groceries and household
Cc
SFood:Groceries
$-73.41
SHousing:Maintenance
$-31.46
^
D12/09/2022
T-124.80
PCostco
LFood:Groceries
CR
^
D12/09/2022
T-7.77
PStarbucks
LFood:Coffee
CR
^
D12/10/2022
T-58.70
PDoorDash
LFood:Dining
Cc
^
D12/11/2022
T-30.09
PLyft
LTransportation:Rideshare
CR
^
D12/12/2022
T-83.39
PSafeway
LFood:Groceries
CR
^
D12/12/2022
T-45.76
PThai Basil Restaurant
LFood:Dining
CR
^
D12/12/2022
T-5.10
PStarbucks
LFood:Coffee
CR
^
D12/13/2022
T-6.36
PStarbucks
LFood:Coffee
CR
^
D12/14/2022
T-42.54
PUber Eats
LFood:Dining
CR
^
D12/14/2022
T-5.28
PStarbucks
LFood:Coffee
CR
^
D12/14/2022
T-63.57
P76 Station
LTransportation:Gas
CR
^
D12/15/2022
T-36.53
PThai Basil Restaurant
LFood:Dining
CR
^
D12/15/2022
T-6.68
PStarbucks
LFood:Coffee
CR
^
D12/15/2022
T-124.69
PNordstrom
LPersonal:Clothing
CR
^
D12/16/2022
T-5.13
PPeet's Coffee
LFood:Coffee
CR
^
D12/17/2022
T-100.31
PSafeway
LFood:Groceries
CR
^
D12/18/2022
T-67.19
PTarget
LFood:Groceries
CR
^
D12/18/2022
T-34.49
PPizza Hut
LFood:Dining
CR
^
D12/18/2022
T-38.70
PLyft
LTransportation:Rideshare
CR
^
D12/18/2022
T-63.29
PREI
LEntertainment:Sports
CR
^
D12/19/2022
T-89.89
PSafeway
LFood:Groceries
CR
^
D12/19/2022
T-6.80
PPeet's Coffee
LFood:Coffee
CR
^
D12/20/2022
T-404.08
PSouthwest Airlines
MHoliday travel
LTravel:Flights
CR
^
D12/20/2022
T-53.41
PThai Basil Restaurant
LFood:Dining
CR
^
D12/20/2022
T-5.90
PStarbucks
LFood:Coffee
CR
^
D12/20/2022
T-179.23
PREI
LEntertainment:Sports
CR
^
D12/21/2022
T-50.13
PDoorDash
LFood:Dining
Cc
^
D12/21/2022
T-4.22
PPeet's Coffee
LFood:Coffee
CR
^
D12/22/2022
T-16.96
PDoorDash
LFood:Dining
CR
^
D12/22/2022
T-7.02
PStarbucks
LFood:Coffee
CR
^
D12/23/2022
T-86.48
PCostco
MSplit purchase - groceries and household
CR
SFood:Groceries
$-60.54
SHousing:Maintenance
$-25.94
^
D12/23/2022
T-138.09
PSafeway
LFood:Groceries
CR
^
D12/23/2022
T-41.42
PThai Basil Restaurant
LFood:Dining
CR
^
D12/23/2022
T-5.15
PPeet's Coffee
LFood:Coffee
CR
^
D12/24/2022
T-28.51
PDoorDash
LFood:Dining
CR
^
D12/25/2022
T-15.51
PPizza Hut
LFood:Dining
CR
^
D12/25/2022
T-16.35
PUber
LTransportation:Rideshare
CR
^
D12/26/2022
T-38.73
PUber Eats
LFood:Dining
CR
^
D12/26/2022
T-5.33
PPeet's Coffee
LFood:Coffee
CR
^
D12/27/2022
T-6.45
PPeet's Coffee
LFood:Coffee
CR
^
D12/27/2022
T-62.11
PChevron
LTransportation:Gas
CR
^
D12/28/2022
T2993.90
PPayment from Checking
MPayment received
L[Primary Checking]
CR
^
D12/30/2022
T-145.81
PSafeway
LFood:Groceries
CR
^
D12/30/2022
T-61.58
PChipotle Mexican Grill
LFood:Dining
CR
^
D12/31/2022
T-178.98
PWhole Foods Market
LFood:Groceries
A123 Market St
ASan Francisco, CA 94102
^
D01/02/2023
T-4.17
PPeet's Coffee
LFood:Coffee
CR
^
D01/02/2023
T-55.21
PChevron
LTransportation:Gas
CR
^
D01/03/2023
T-67.99
PPizza Hut
LFood:Dining
Cc
^
D01/03/2023
T-4.49
PStarbucks
LFood:Coffee
CR
^
D01/04/2023
T-37.16
P76 Station
LTransportation:Gas
CR
^
D01/05/2023
T-136.94
PSafeway
LFood:Groceries
CR
^
D01/06/2023
T-15.99
PNetflix
LUtilities:Streaming
CR
^
D01/06/2023
T-10.99
PSpotify
LUtilities:Streaming
CR
^
D01/06/2023
T-124.49
PSafeway
LFood:Groceries
Cc
^
D01/06/2023
T-6.45
PStarbucks
LFood:Coffee
CR
^
D01/07/2023
T-17.15
PUber Eats
LFood:Dining
CR
^
D01/07/2023
T-43.84
PChevron
LTransportation:Gas
CR
^
D01/07/2023
T-37.19
PUber
LTransportation:Rideshare
CR
^
D01/08/2023
T-39.83
PShell
LTransportation:Gas
CR
^
D01/08/2023
T-33.26
PLyft
LTransportation:Rideshare
Cc
^
D01/09/2023
T-7.99
PDisney+
LUtilities:Streaming
CR
^
D01/09/2023
T-14.99
PAmazon
LPersonal:Subscriptions
CR
A410 Terry Ave N
ASeattle      , WA 98109
^
D01/09/2023
T-27.23
PUber Eats
LFood:Dining
CR
^
D01/10/2023
T-166.34
PWhole Foods Market
LFood:Groceries
CR
A123 Market St
ASan Francisco, CA 94102
^
D01/11/2023
T-5.37
PStarbucks
LFood:Coffee
CR
^
D01/12/2023
T-157.49
PWhole Foods Market
LFood:Groceries
CR
A123 Market St
ASan Francisco, CA 94102
^
D01/12/2023
T-12.60
PUber Eats
LFood:Dining
CR
^
D01/13/2023
T-55.46
PThai Basil Restaurant
LFood:Dining
CR
^
D01/14/2023
T-14.42
PDoorDash
LFood:Dining
CR
^
D01/14/2023
T-38.35
PShell
LTransportation:Gas
CR
^
D01/15/2023
T-103.59
PWhole Foods Market
LFood:Groceries
CR
A123 Market St
ASan Francisco, CA 94102
^
D01/15/2023
T-13.46
PChipotle Mexican Grill
LFood:Dining
CR
^
D01/16/2023
T-74.22
PPizza Hut
LFood:Dining
^
D01/16/2023
T-5.01
PStarbucks
LFood:Coffee
CR
^
D01/17/2023
T-65.43
PPizza Hut
LFood:Dining
CR
^
D01/18/2023
T-38.35
PUber Eats
LFood:Dining
CR
^
D01/19/2023
T-67.60
PWhole Foods Market
LFood:Groceries
CR
A123 Market St
ASan Francisco, CA 94102
^
D01/19/2023
T-27.31
PChipotle Mexican Grill
LFood:Dining
CR
^
D01/19/2023
T-5.13
PPeet's Coffee
LFood:Coffee
CR
^
D01/21/2023
T-19.95
PLyft
LTransportation:Rideshare
CR
^
D01/23/2023
T-72.74
PREI
LEntertainment:Sports
CR
^
D01/24/2023
T-15.42
PDoorDash
LFood:Dining
CR
^
D01/24/2023
T-7.92
PPeet's Coffee
LFood:Coffee
CR
^
D01/25/2023
T-141.76
PWalgreens
MMedical expense
LHealthcare:Pharmacy
CR
^
D01/25/2023
T-38.08
PShell
LTransportation:Gas
Cc
^
D01/26/2023
T-18.41
PUber Eats
LFood:Dining
CR
^
D01/27/2023
T-4.47
PStarbucks
LFood:Coffee
CR
^
D01/28/2023
T2853.88
PPayment from Checking
MPayment received
L[Primary Checking]
CR
^
D01/28/2023
T-166.14
PTrader Joe's
LFood:Groceries
CR
A456 Grocery Ave
ASan Francisco, CA 94103
^
D01/28/2023
T-51.14
PUber Eats
LFood:Dining
^
D01/29/2023
T-42.00
PPizza Hut
LFood:Dining
CR
^
D01/30/2023
T-4.59
PPeet's Coffee
LFood:Coffee
CR
^
D01/30/2023
T-54.12
PNordstrom
LPersonal:Clothing
Cc
^
D01/31/2023
T-73.40
PDoorDash
LFood:Dining
CR
^
D01/31/2023
T-7.05
PStarbucks
LFood:Coffee
CR
^
D02/01/2023
T-39.48
PPizza Hut
LFood:Dining
CR
^
D02/01/2023
T-4.54
PStarbucks
LFood:Coffee
CR
^
D02/02/2023
T-33.18
PThai Basil Restaurant
LFood:Dining
CR
^
D02/02/2023
T-7.62
PStarbucks
LFood:Coffee
CR
^
D02/02/2023
T-53.27
PChevron
LTransportation:Gas
Cc
^
D02/03/2023
T-29.32
PDoorDash
LFood:Dining
CR
^
D02/03/2023
T-4.18
PPeet's Coffee
LFood:Coffee
CR
^
D02/03/2023
T-70.71
PBest Buy
LEntertainment:Games
CR
^
D02/04/2023
T-22.52
PThai Basil Restaurant
LFood:Dining
CR
^
D02/05/2023
T-25.35
PPizza Hut
LFood:Dining
Cc
^
D02/05/2023
T-66.69
PShell
LTransportation:Gas
CR
^
D02/05/2023
T-35.72
PUber
LTransportation:Rideshare
CR
^
D02/06/2023
T-7.99
PDisney+
LUtilities:Streaming
CR
^
D02/06/2023
T-14.99
PAmazon
LPersonal:Subscriptions
CR
A410 Terry Ave N
ASeattle      , WA 98109
^
D02/06/2023
T-89.85
PWhole Foods Market
LFood:Groceries
CR
A123 Market St
ASan Francisco, CA 94102
^
D02/07/2023
T-137.39
PWhole Foods Market
LFood:Groceries
Cc
A123 Market St
ASan Francisco, CA 94102
^
D02/07/2023
T-4.20
PStarbucks
LFood:Coffee
CR
^
D02/07/2023
T-49.51
PBest Buy
LEntertainment:Games
CR
^
D02/08/2023
T-10.99
PSpotify
LUtilities:Streaming
CR
^
D02/08/2023
T-6.19
PStarbucks
LFood:Coffee
CR
^
D02/09/2023
T-15.99
PNetflix
LUtilities:Streaming
CR
^
D02/09/2023
T-14.93
PChipotle Mexican Grill
LFood:Dining
CR
^
D02/09/2023
T-6.62
PStarbucks
LFood:Coffee
^
D02/10/2023
T-148.57
PTarget
LFood:Groceries
CR
^
D02/10/2023
T-34.38
PChipotle Mexican Grill
LFood:Dining
CR
^
D02/10/2023
T-4.21
PPeet's Coffee
LFood:Coffee
CR
^
D02/12/2023
T-68.41
PDoorDash
LFood:Dining
CR
^
D02/13/2023
T-124.82
PTarget
LFood:Groceries
CR
^
D02/13/2023
T-7.08
PPeet's Coffee
LFood:Coffee
CR
^
D02/14/2023
T-63.40
PTarget
LFood:Groceries
CR
^
D02/14/2023
T-5.88
PStarbucks
LFood:Coffee
CR
^
D02/15/2023
T-71.92
PPizza Hut
LFood:Dining
CR
^
D02/15/2023
T-152.54
PREI
LEntertainment:Sports
CR
^
D02/16/2023
T-23.79
PThai Basil Restaurant
LFood:Dining
CR
^
D02/16/2023
T-6.27
PPeet's Coffee
LFood:Coffee
CR
^
D02/16/2023
T-50.42
PShell
LTransportation:Gas
Cc
^
D02/17/2023
T-115.48
PTrader Joe's
LFood:Groceries
CR
A456 Grocery Ave
ASan Francisco, CA 94103
^
D02/17/2023
T-66.67
PPizza Hut
LFood:Dining
CR
^
D02/17/2023
T-5.29
PStarbucks
LFood:Coffee
CR
^
D02/18/2023
T-164.01
PTrader Joe's
LFood:Groceries
CR
A456 Grocery Ave
ASan Francisco, CA 94103
^
D02/18/2023
T-12.79
PChipotle Mexican Grill
LFood:Dining
CR
^
D02/18/2023
T-39.14
PBest Buy
LEntertainment:Games
CR
^
D02/19/2023
T-63.19
PThai Basil Restaurant
LFood:Dining
Cc
^
D02/19/2023
T-37.47
P76 Station
LTransportation:Gas
CR
^
D02/20/2023
T-5.22
PPeet's Coffee
LFood:Coffee
CR
^
D02/21/2023
T-64.18
PDoorDash
LFood:Dining
CR
^
D02/22/2023
T-22.15
PPizza Hut
LFood:Dining
CR
^
D02/22/2023
T-41.12
PChevron
LTransportation:Gas
CR
^
D02/23/2023
T-5.79
PPeet's Coffee
LFood:Coffee
CR
^
D02/24/2023
T-171.49
PSafeway
LFood:Groceries
CR
^
D02/24/2023
T-63.92
PUber Eats
LFood:Dining
CR
^
D02/26/2023
T-18.95
PUber Eats
LFood:Dining
CR
^
D02/27/2023
T-100.76
PWalgreens
MMedical expense
LHealthcare:Pharmacy
CR
^
D02/27/2023
T-4.38
PStarbucks
LFood:Coffee
CR
^
D02/27/2023
T-46.05
P76 Station
LTransportation:Gas
CR
^
D02/28/2023
T2626.60
PPayment from Checking
MPayment received
L[Primary Checking]
CR
^
D03/01/2023
T-46.78
PThai Basil Restaurant
LFood:Dining
^
D03/02/2023
T-7.90
PPeet's Coffee
LFood:Coffee
CR
^
D03/03/2023
T-12.28
PChipotle Mexican Grill
LFood:Dining
CR
^
D03/05/2023
T-10.99
PSpotify
LUtilities:Streaming
CR
^
D03/05/2023
T-46.09
PUber Eats
LFood:Dining
CR
^
D03/05/2023
T-72.70
PChevron
LTransportation:Gas
CR
^
D03/05/2023
T-42.65
PUber
LTransportation:Rideshare
CR
^
D03/06/2023
T-15.99
PNetflix
LUtilities:Streaming
CR
^
D03/06/2023
T-139.10
PCostco
LFood:Groceries
CR
^
D03/06/2023
T-57.41
PUber Eats
LFood:Dining
CR
^
D03/06/2023
T-7.78
PPeet's Coffee
LFood:Coffee
CR
^
D03/07/2023
T-7.99
PDisney+
LUtilities:Streaming
CR
^
D03/07/2023
T-129.56
PWhole Foods Market
LFood:Groceries
CR
A123 Market St
ASan Francisco, CA 94102
^
D03/07/2023
T-30.14
PPizza Hut
LFood:Dining
CR
^
D03/08/2023
T-14.99
PAmazon
LPersonal:Subscriptions
CR
A410 Terry Ave N
ASeattle      , WA 98109
^
D03/08/2023
T-7.46
PStarbucks
LFood:Coffee
CR
^
D03/09/2023
T-5.99
PStarbucks
LFood:Coffee
CR
^
D03/10/2023
T-184.82
PTarget
MSplit purchase - groceries and household
CR
SFood:Groceries
$-129.37
SHousing:Maintenance
$-55.45
^
D03/10/2023
T-6.65
PPeet's Coffee
LFood:Coffee
CR
^
D03/10/2023
T-45.79
PShell
LTransportation:Gas
CR
^
D03/11/2023
T-87.40
PSafeway
LFood:Groceries
CR
^
D03/11/2023
T-70.02
PDoorDash
LFood:Dining
CR
^
D03/12/2023
T-55.54
PChipotle Mexican Grill
LFood:Dining
CR
^
D03/12/2023
T-41.79
PLyft
LTransportation:Rideshare
CR
^
D03/13/2023
T-6.04
PStarbucks
LFood:Coffee
CR
^
D03/14/2023
T-143.89
PSafeway
LFood:Groceries
CR
^
D03/14/2023
T-63.97
PDoorDash
LFood:Dining
CR
^
D03/14/2023
T-102.56
PBest Buy
LEntertainment:Games
CR
^
D03/15/2023
T-15.90
PChipotle Mexican Grill
LFood:Dining
CR
^
D03/15/2023
T-7.39
PPeet's Coffee
LFood:Coffee
CR
^
D03/15/2023
T-58.35
P76 Station
LTransportation:Gas
CR
^
D03/16/2023
T-7.52
PStarbucks
LFood:Coffee
CR
^
D03/17/2023
T-4.80
PPeet's Coffee
LFood:Coffee
CR
^
D03/18/2023
T-39.28
PApple Store
LPersonal:Education
CR
^
D03/19/2023
T-179.41
PSafeway
MSplit purchase - groceries and household
CR
SFood:Groceries
$-125.59
SHousing:Maintenance
$-53.82
^
D03/19/2023
T-171.66
PWhole Foods Market
LFood:Groceries
CR
A123 Market St
ASan Francisco, CA 94102
^
D03/19/2023
T-21.80
PUber
LTransportation:Rideshare
CR
^
D03/19/2023
T-59.53
PNordstrom
LPersonal:Clothing
CR
^
D03/20/2023
T-70.91
PDoorDash
LFood:Dining
CR
^
D03/20/2023
T-4.89
PStarbucks
LFood:Coffee
CR
^
D03/20/2023
T-69.58
PREI
LEntertainment:Sports
^
D03/21/2023
T-81.11
PSafeway
LFood:Groceries
CR
^
D03/21/2023
T-54.48
P76 Station
LTransportation:Gas
^
D03/22/2023
T-5.35
PStarbucks
LFood:Coffee
Cc
^
D03/23/2023
T-73.57
PTarget
LFood:Groceries
CR
^
D03/24/2023
T-5.49
PStarbucks
LFood:Coffee
CR
^
D03/25/2023
T-66.41
PThai Basil Restaurant
LFood:Dining
CR
^
D03/26/2023
T-91.74
PTarget
MSplit purchase - groceries and household
CR
SFood:Groceries
$-64.22
SHousing:Maintenance
$-27.52
^
D03/26/2023
T-27.67
PLyft
LTransportation:Rideshare
Cc
^
D03/27/2023
T-45.24
PShell
LTransportation:Gas
CR
^
D03/27/2023
T-129.34
PApple Store
LPersonal:Education
CR
^
D03/28/2023
T2685.98
PPayment from Checking
MPayment received
L[Primary Checking]
CR
^
D03/28/2023
T-137.01
PWhole Foods Market
LFood:Groceries
CR
A123 Market St
ASan Francisco, CA 94102
^
D03/28/2023
T-59.97
PPizza Hut
LFood:Dining
CR
^
D03/28/2023
T-7.73
PStarbucks
LFood:Coffee
CR
^
D03/29/2023
T-4.71
PPeet's Coffee
LFood:Coffee
CR
^
D03/29/2023
T-58.26
PShell
LTransportation:Gas
CR
^
D03/30/2023
T-54.38
PChipotle Mexican Grill
LFood:Dining
CR
^
D03/31/2023
T-4.42
PPeet's Coffee
LFood:Coffee
CR
^
D04/01/2023
T-75.33
PTarget
LFood:Groceries
CR
^
D04/02/2023
T-32.37
PLyft
LTransportation:Rideshare
CR
^
D04/03/2023
T-46.53
PChipotle Mexican Grill
LFood:Dining
CR
^
D04/03/2023
T-4.66
PPeet's Coffee
LFood:Coffee
CR
^
D04/04/2023
T-69.15
PChipotle Mexican Grill
LFood:Dining
CR
^
D04/04/2023
T-174.94
PBest Buy
LEntertainment:Games
CR
^
D04/05/2023
T-7.99
PDisney+
LUtilities:Streaming
CR
^
D04/05/2023
T-132.52
PSafeway
LFood:Groceries
CR
^
D04/06/2023
T-10.99
PSpotify
LUtilities:Streaming
CR
^
D04/06/2023
T-46.55
PChipotle Mexican Grill
LFood:Dining
CR
^
D04/06/2023
T-47.43
PChevron
LTransportation:Gas
CR
^
D04/07/2023
T-105.14
PSafeway
LFood:Groceries
Cc
^
D04/08/2023
T-56.55
PWhole Foods Market
LFood:Groceries
CR
A123 Market St
ASan Francisco, CA 94102
^
D04/09/2023
T-15.99
PNetflix
LUtilities:Streaming
CR
^
D04/09/2023
T-14.99
PAmazon
LPersonal:Subscriptions
CR
A410 Terry Ave N
ASeattle      , WA 98109
^
D04/09/2023
T-107.58
PWhole Foods Market
LFood:Groceries
CR
A123 Market St
ASan Francisco, CA 94102
^
D04/09/2023
T-49.19
PDoorDash
LFood:Dining
CR
^
D04/09/2023
T-49.49
P76 Station
LTransportation:Gas
CR
^
D04/11/2023
T-167.44
PSafeway
LFood:Groceries
CR
^
D04/11/2023
T-47.28
PPizza Hut
LFood:Dining
CR
^
D04/11/2023
T-4.52
PPeet's Coffee
LFood:Coffee
CR
^
D04/12/2023
T-26.59
PUber Eats
LFood:Dining
Cc
^
D04/12/2023
T-6.58
PStarbucks
LFood:Coffee
CR
^
D04/13/2023
T-70.61
PChipotle Mexican Grill
LFood:Dining
CR
^
D04/13/2023
T-7.92
PStarbucks
LFood:Coffee
CR
^
D04/13/2023
T-56.35
PShell
LTransportation:Gas
CR
^
D04/14/2023
T-60.77
PPizza Hut
LFood:Dining
CR
^
D04/15/2023
T-35.84
PThai Basil Restaurant
LFood:Dining
CR
^
D04/15/2023
T-50.94
PBest Buy
LEntertainment:Games
^
D04/17/2023
T-48.21
PChipotle Mexican Grill
LFood:Dining
CR
^
D04/18/2023
T-27.76
PThai Basil Restaurant
LFood:Dining
CR
^
D04/18/2023
T-7.64
PStarbucks
LFood:Coffee
CR
^
D04/19/2023
T-111.37
PWhole Foods Market
LFood:Groceries
CR
A123 Market St
ASan Francisco, CA 94102
^
D04/19/2023
T-47.09
PUber Eats
LFood:Dining
CR
^
D04/19/2023
T-7.56
PStarbucks
LFood:Coffee
CR
^
D04/21/2023
T-75.15
PTrader Joe's
LFood:Groceries
CR
A456 Grocery Ave
ASan Francisco, CA 94103
^
D04/21/2023
T-40.69
PPizza Hut
LFood:Dining
CR
^
D04/22/2023
T-148.04
PApple Store
LPersonal:Education
Cc
^
D04/23/2023
T-51.89
PUber Eats
LFood:Dining
CR
^
D04/24/2023
T-4.57
PStarbucks
LFood:Coffee
CR
^
D04/25/2023
T-53.69
PWhole Foods Market
LFood:Groceries
CR
A123 Market St
ASan Francisco, CA 94102
^
D04/26/2023
T-6.34
PPeet's Coffee
LFood:Coffee
CR
^
D04/27/2023
T-5.00
PStarbucks
LFood:Coffee
CR
^
D04/28/2023
T1849.76
PPayment from Checking
MPayment received
L[Primary Checking]
CR
^
D04/28/2023
T-7.56
PPeet's Coffee
LFood:Coffee
CR
^
D04/29/2023
T-41.25
PLyft
LTransportation:Rideshare
CR
^
D04/30/2023
T-118.88
PTrader Joe's
LFood:Groceries
CR
A456 Grocery Ave
ASan Francisco, CA 94103
^
D04/30/2023
T-61.34
P76 Station
LTransportation:Gas
CR
^
D05/01/2023
T-64.61
PThai Basil Restaurant
LFood:Dining
CR
^
D05/02/2023
T-7.46
PPeet's Coffee
LFood:Coffee
CR
^
D05/03/2023
T-57.83
PDoorDash
LFood:Dining
CR
^
D05/03/2023
T-45.00
PShell
LTransportation:Gas
CR
^
D05/04/2023
T-47.25
PPizza Hut
LFood:Dining
CR
^
D05/04/2023
T-7.63
PStarbucks
LFood:Coffee
CR
^
D05/06/2023
T-10.99
PSpotify
LUtilities:Streaming
CR
^
D05/07/2023
T-128.20
PTarget
LFood:Groceries
Cc
^
D05/07/2023
T-59.14
PChipotle Mexican Grill
LFood:Dining
Cc
^
D05/08/2023
T-15.99
PNetflix
LUtilities:Streaming
CR
^
D05/08/2023
T-6.16
PPeet's Coffee
LFood:Coffee
CR
^
D05/09/2023
T-7.99
PDisney+
LUtilities:Streaming
CR
^
D05/09/2023
T-14.99
PAmazon
LPersonal:Subscriptions
CR
A410 Terry Ave N
ASeattle      , WA 98109
^
D05/09/2023
T-31.75
PChipotle Mexican Grill
LFood:Dining
CR
^
D05/09/2023
T-4.31
PStarbucks
LFood:Coffee
CR
^
D05/10/2023
T-22.59
PPizza Hut
LFood:Dining
CR
^
D05/12/2023
T-58.26
PPizza Hut
LFood:Dining
CR
^
D05/12/2023
T-4.12
PStarbucks
LFood:Coffee
CR
^
D05/13/2023
T-144.46
PWalgreens
MMedical expense
LHealthcare:Pharmacy
CR
^
D05/13/2023
T-18.62
PLyft
LTransportation:Rideshare
CR
^
D05/14/2023
T-50.62
PThai Basil Restaurant
LFood:Dining
^
D05/14/2023
T-51.27
PShell
LTransportation:Gas
^
D05/15/2023
T-21.27
PChipotle Mexican Grill
LFood:Dining
CR
^
D05/16/2023
T-18.07
PThai Basil Restaurant
LFood:Dining
CR
^
D05/17/2023
T-26.78
PDoorDash
LFood:Dining
CR
^
D05/18/2023
T-31.25
PThai Basil Restaurant
LFood:Dining
^
D05/18/2023
T-5.39
PStarbucks
LFood:Coffee
CR
^
D05/20/2023
T-30.41
PPizza Hut
LFood:Dining
CR
^
D05/20/2023
T-56.88
P76 Station
LTransportation:Gas
CR
^
D05/21/2023
T-51.75
PDoorDash
LFood:Dining
CR
^
D05/21/2023
T-26.94
PUber
LTransportation:Rideshare
CR
^
D05/21/2023
T-136.21
PBest Buy
LEntertainment:Games
CR
^
D05/22/2023
T-4.70
PPeet's Coffee
LFood:Coffee
CR
^
D05/22/2023
T-120.40
PNordstrom
LPersonal:Clothing
CR
^
D05/23/2023
T-44.66
PChipotle Mexican Grill
LFood:Dining
^
D05/23/2023
T-5.50
PPeet's Coffee
LFood:Coffee
^
D05/24/2023
T-36.30
PThai Basil Restaurant
LFood:Dining
CR
^
D05/25/2023
T-4.09
PPeet's Coffee
LFood:Coffee
CR
^
D05/26/2023
T-50.20
PUber Eats
LFood:Dining
CR
^
D05/26/2023
T-6.54
PPeet's Coffee
LFood:Coffee
CR
^
D05/26/2023
T-194.54
PApple Store
LPersonal:Education
CR
^
D05/28/2023
T2065.09
PPayment from Checking
MPayment received
L[Primary Checking]
CR
^
D05/30/2023
T-59.19
PPizza Hut
LFood:Dining
CR
^
D05/31/2023
T-5.46
PPeet's Coffee
LFood:Coffee
CR
^
D06/02/2023
T-55.84
PThai Basil Restaurant
LFood:Dining
CR
^
D06/02/2023
T-7.36
PStarbucks
LFood:Coffee
^
D06/02/2023
T-112.91
PREI
LEntertainment:Sports
CR
^
D06/03/2023
T-136.19
PWhole Foods Market
LFood:Groceries
CR
A123 Market St
ASan Francisco, CA 94102
^
D06/03/2023
T-44.73
PThai Basil Restaurant
LFood:Dining
^
D06/05/2023
T-14.99
PAmazon
LPersonal:Subscriptions
CR
A410 Terry Ave N
ASeattle      , WA 98109
^
D06/05/2023
T-4.38
PPeet's Coffee
LFood:Coffee
CR
^
D06/06/2023
T-120.03
PWhole Foods Market
LFood:Groceries
CR
A123 Market St
ASan Francisco, CA 94102
^
D06/06/2023
T-24.80
PChipotle Mexican Grill
LFood:Dining
CR
^
D06/06/2023
T-4.55
PPeet's Coffee
LFood:Coffee
CR
^
D06/07/2023
T-15.99
PNetflix
LUtilities:Streaming
CR
^
D06/07/2023
T-10.99
PSpotify
LUtilities:Streaming
CR
^
D06/07/2023
T-7.99
PDisney+
LUtilities:Streaming
CR
^
D06/07/2023
T-72.95
PWhole Foods Market
LFood:Groceries
CR
A123 Market St
ASan Francisco, CA 94102
^
D06/07/2023
T-4.46
PPeet's Coffee
LFood:Coffee
CR
^
D06/08/2023
T-63.73
PThai Basil Restaurant
LFood:Dining
CR
^
D06/09/2023
T-155.95
PTrader Joe's
LFood:Groceries
CR
A456 Grocery Ave
ASan Francisco, CA 94103
^
D06/09/2023
T-4.08
PStarbucks
LFood:Coffee
CR
^
D06/10/2023
T-33.26
PThai Basil Restaurant
LFood:Dining
CR
^
D06/10/2023
T-66.81
PShell
LTransportation:Gas
CR
^
D06/11/2023
T-74.73
PChipotle Mexican Grill
LFood:Dining
CR
^
D06/12/2023
T-128.23
PCostco
LFood:Groceries
CR
^
D06/13/2023
T-37.32
PChipotle Mexican Grill
LFood:Dining
CR
^
D06/13/2023
T-5.35
PStarbucks
LFood:Coffee
CR
^
D06/14/2023
T-80.39
PWhole Foods Market
LFood:Groceries
CR
A123 Market St
ASan Francisco, CA 94102
^
D06/14/2023
T-7.05
PStarbucks
LFood:Coffee
CR
^
D06/14/2023
T-64.44
PShell
LTransportation:Gas
CR
^
D06/15/2023
T-157.00
PWhole Foods Market
LFood:Groceries
CR
A123 Market St
ASan Francisco, CA 94102
^
D06/15/2023
T-53.50
PPizza Hut
LFood:Dining
CR
^
D06/15/2023
T-90.96
PNordstrom
LPersonal:Clothing
CR
^
D06/16/2023
T-17.43
PDoorDash
LFood:Dining
CR
^
D06/16/2023
T-6.35
PStarbucks
LFood:Coffee
CR
^
D06/17/2023
T-155.79
PSafeway
LFood:Groceries
CR
^
D06/17/2023
T-67.58
PUber Eats
LFood:Dining
CR
^
D06/19/2023
T-52.12
PPizza Hut
LFood:Dining
CR
^
D06/19/2023
T-4.21
PPeet's Coffee
LFood:Coffee
CR
^
D06/20/2023
T-101.82
PCostco
LFood:Groceries
CR
^
D06/20/2023
T-5.24
PStarbucks
LFood:Coffee
CR
^
D06/21/2023
T-4.13
PPeet's Coffee
LFood:Coffee
CR
^
D06/22/2023
T-6.18
PPeet's Coffee
LFood:Coffee
CR
^
D06/23/2023
T-146.26
PCostco
LFood:Groceries
CR
^
D06/23/2023
T-5.68
PStarbucks
LFood:Coffee
CR
^
D06/24/2023
T-38.61
PUber Eats
LFood:Dining
^
D06/24/2023
T-20.07
PLyft
LTransportation:Rideshare
CR
^
D06/25/2023
T-86.76
PWhole Foods Market
LFood:Groceries
CR
A123 Market St
ASan Francisco, CA 94102
^
D06/25/2023
T-33.50
PREI
LEntertainment:Sports
CR
^
D06/26/2023
T-39.32
PPizza Hut
LFood:Dining
CR
^
D06/26/2023
T-161.14
PBest Buy
LEntertainment:Games
CR
^
D06/27/2023
T-101.51
PSafeway
LFood:Groceries
CR
^
D06/27/2023
T-34.38
PUber Eats
LFood:Dining
CR
^
D06/28/2023
T1907.74
PPayment from Checking
MPayment received
L[Primary Checking]
CR
^
D06/28/2023
T-133.51
PSafeway
LFood:Groceries
CR
^
D06/28/2023
T-4.53
PPeet's Coffee
LFood:Coffee
^
D06/29/2023
T-175.24
PTrader Joe's
LFood:Groceries
Cc
A456 Grocery Ave
ASan Francisco, CA 94103
^
D06/29/2023
T-20.04
PThai Basil Restaurant
LFood:Dining
CR
^
D07/02/2023
T-101.63
PWhole Foods Market
LFood:Groceries
CR
A123 Market St
ASan Francisco, CA 94102
^
D07/03/2023
T-5.04
PPeet's Coffee
LFood:Coffee
CR
^
D07/03/2023
T-39.84
PShell
LTransportation:Gas
CR
^
D07/04/2023
T-7.91
PStarbucks
LFood:Coffee
CR
^
D07/04/2023
T-50.66
PShell
LTransportation:Gas
CR
^
D07/05/2023
T-15.99
PNetflix
LUtilities:Streaming
CR
^
D07/05/2023
T-17.19
PPizza Hut
LFood:Dining
CR
^
D07/06/2023
T-7.99
PDisney+
LUtilities:Streaming
CR
^
D07/07/2023
T-14.99
PAmazon
LPersonal:Subscriptions
CR
A410 Terry Ave N
ASeattle      , WA 98109
^
D07/07/2023
T-83.41
PWhole Foods Market
LFood:Groceries
CR
A123 Market St
ASan Francisco, CA 94102
^
D07/07/2023
T-5.95
PStarbucks
LFood:Coffee
CR
^
D07/08/2023
T-71.39
PTrader Joe's
LFood:Groceries
CR
A456 Grocery Ave
ASan Francisco, CA 94103
^
D07/08/2023
T-27.10
PChipotle Mexican Grill
LFood:Dining
Cc
^
D07/08/2023
T-38.73
PShell
LTransportation:Gas
CR
^
D07/09/2023
T-10.99
PSpotify
LUtilities:Streaming
CR
^
D07/09/2023
T-38.60
PDoorDash
LFood:Dining
CR
^
D07/10/2023
T-57.68
PThai Basil Restaurant
LFood:Dining
CR
^
D07/10/2023
T-5.41
PPeet's Coffee
LFood:Coffee
CR
^
D07/11/2023
T-48.02
PUber Eats
LFood:Dining
Cc
^
D07/11/2023
T-5.93
PStarbucks
LFood:Coffee
CR
^
D07/13/2023
T-40.76
PChipotle Mexican Grill
LFood:Dining
CR
^
D07/13/2023
T-4.77
PPeet's Coffee
LFood:Coffee
CR
^
D07/14/2023
T-20.30
PChipotle Mexican Grill
LFood:Dining
^
D07/14/2023
T-7.59
PPeet's Coffee
LFood:Coffee
CR
^
D07/15/2023
T-137.78
PCostco
LFood:Groceries
CR
^
D07/15/2023
T-15.14
PUber
LTransportation:Rideshare
CR
^
D07/16/2023
T-42.78
PLyft
LTransportation:Rideshare
CR
^
D07/17/2023
T-61.47
PPizza Hut
LFood:Dining
CR
^
D07/17/2023
T-6.46
PStarbucks
LFood:Coffee
CR
^
D07/17/2023
T-93.07
PApple Store
LPersonal:Education
CR
^
D07/18/2023
T-62.80
PUber Eats
LFood:Dining
CR
^
D07/19/2023
T-422.07
PSouthwest Airlines
MSummer vacation flights
LTravel:Flights
CR
^
D07/19/2023
T-122.08
PTarget
LFood:Groceries
CR
^
D07/19/2023
T-6.27
PStarbucks
LFood:Coffee
^
D07/20/2023
T-1284.37
PAirbnb
MSummer vacation lodging
LTravel:Hotels
CR
^
D07/21/2023
T-147.92
PTarget
LFood:Groceries
Cc
^
D07/21/2023
T-32.78
PPizza Hut
LFood:Dining
CR
^
D07/21/2023
T-4.83
PPeet's Coffee
LFood:Coffee
CR
^
D07/22/2023
T-37.73
PDoorDash
LFood:Dining
CR
^
D07/23/2023
T-66.21
PTarget
LFood:Groceries
CR
^
D07/23/2023
T-52.08
PUber Eats
LFood:Dining
CR
^
D07/24/2023
T-7.19
PStarbucks
LFood:Coffee
CR
^
D07/24/2023
T-125.53
PApple Store
LPersonal:Education
CR
^
D07/25/2023
T-7.10
PStarbucks
LFood:Coffee
Cc
^
D07/26/2023
T-52.56
PShell
LTransportation:Gas
CR
^
D07/27/2023
T-7.78
PStarbucks
LFood:Coffee
CR
^
D07/27/2023
T-61.19
P76 Station
LTransportation:Gas
CR
^
D07/28/2023
T1551.92
PPayment from Checking
MPayment received
L[Primary Checking]
CR
^
D07/28/2023
T-137.29
PCostco
LFood:Groceries
CR
^
D07/28/2023
T-20.88
PPizza Hut
LFood:Dining
CR
^
D07/28/2023
T-5.29
PStarbucks
LFood:Coffee
CR
^
D07/30/2023
T-38.68
PPizza Hut
LFood:Dining
Cc
^
D07/31/2023
T-5.94
PStarbucks
LFood:Coffee
CR
^
D08/01/2023
T-7.25
PStarbucks
LFood:Coffee
CR
^
D08/02/2023
T-155.20
PSafeway
LFood:Groceries
CR
^
D08/02/2023
T-7.11
PStarbucks
LFood:Coffee
CR
^
D08/03/2023
T-48.17
PDoorDash
LFood:Dining
CR
^
D08/03/2023
T-6.85
PPeet's Coffee
LFood:Coffee
CR
^
D08/04/2023
T-45.50
PThai Basil Restaurant
LFood:Dining
CR
^
D08/04/2023
T-5.82
PPeet's Coffee
LFood:Coffee
CR
^
D08/06/2023
T-15.99
PNetflix
LUtilities:Streaming
CR
^
D08/06/2023
T-56.61
P76 Station
LTransportation:Gas
^
D08/07/2023
T-50.96
PDoorDash
LFood:Dining
CR
^
D08/07/2023
T-7.82
PPeet's Coffee
LFood:Coffee
CR
^
D08/08/2023
T-14.99
PAmazon
LPersonal:Subscriptions
CR
A410 Terry Ave N
ASeattle      , WA 98109
^
D08/09/2023
T-10.99
PSpotify
LUtilities:Streaming
CR
^
D08/09/2023
T-7.99
PDisney+
LUtilities:Streaming
CR
^
D08/09/2023
T-5.24
PStarbucks
LFood:Coffee
CR
^
D08/10/2023
T-70.51
PCostco
LFood:Groceries
CR
^
D08/11/2023
T-159.66
PTarget
LFood:Groceries
CR
^
D08/11/2023
T-13.88
PChipotle Mexican Grill
LFood:Dining
Cc
^
D08/11/2023
T-5.80
PPeet's Coffee
LFood:Coffee
CR
^
D08/12/2023
T-40.05
PDoorDash
LFood:Dining
CR
^
D08/12/2023
T-68.26
P76 Station
LTransportation:Gas
CR
^
D08/13/2023
T-128.39
PSafeway
LFood:Groceries
CR
^
D08/13/2023
T-48.17
PPizza Hut
LFood:Dining
CR
^
D08/13/2023
T-32.56
PUber
LTransportation:Rideshare
CR
^
D08/14/2023
T-122.19
PSafeway
LFood:Groceries
CR
^
D08/14/2023
T-55.31
PUber Eats
LFood:Dining
CR
^
D08/14/2023
T-6.75
PStarbucks
LFood:Coffee
^
D08/15/2023
T-86.05
PCostco
LFood:Groceries
CR
^
D08/15/2023
T-42.87
PDoorDash
LFood:Dining
CR
^
D08/16/2023
T-113.86
PTarget
LFood:Groceries
^
D08/16/2023
T-61.04
PDoorDash
LFood:Dining
CR
^
D08/16/2023
T-5.59
PPeet's Coffee
LFood:Coffee
CR
^
D08/17/2023
T-6.97
PStarbucks
LFood:Coffee
CR
^
D08/18/2023
T-4.69
PStarbucks
LFood:Coffee
CR
^
D08/19/2023
T-102.62
PTarget
LFood:Groceries
CR
^
D08/20/2023
T-56.75
PDoorDash
LFood:Dining
CR
^
D08/21/2023
T-112.46
PTrader Joe's
LFood:Groceries
CR
A456 Grocery Ave
ASan Francisco, CA 94103
^
D08/21/2023
T-4.42
PPeet's Coffee
LFood:Coffee
CR
^
D08/22/2023
T-28.83
PUber Eats
LFood:Dining
CR
^
D08/22/2023
T-7.96
PPeet's Coffee
LFood:Coffee
CR
^
D08/24/2023
T-47.22
PTrader Joe's
LFood:Groceries
Cc
A456 Grocery Ave
ASan Francisco, CA 94103
^
D08/24/2023
T-61.23
PDoorDash
LFood:Dining
CR
^
D08/24/2023
T-61.51
PShell
LTransportation:Gas
CR
^
D08/25/2023
T-67.05
PThai Basil Restaurant
LFood:Dining
CR
^
D08/25/2023
T-7.53
PPeet's Coffee
LFood:Coffee
CR
^
D08/26/2023
T-36.00
PUber
LTransportation:Rideshare
CR
^
D08/27/2023
T-43.12
PSafeway
LFood:Groceries
CR
^
D08/27/2023
T-63.62
PUber Eats
LFood:Dining
CR
^
D08/27/2023
T-26.11
PUber
LTransportation:Rideshare
CR
^
D08/28/2023
T1928.54
PPayment from Checking
MPayment received
L[Primary Checking]
CR
^
D08/28/2023
T-116.65
PTrader Joe's
LFood:Groceries
CR
A456 Grocery Ave
ASan Francisco, CA 94103
^
D08/28/2023
T-6.31
PPeet's Coffee
LFood:Coffee
CR
^
D08/28/2023
T-47.08
PChevron
LTransportation:Gas
CR
^
D08/29/2023
T-52.81
PUber Eats
LFood:Dining
CR
^
D08/29/2023
T-133.58
PApple Store
LPersonal:Education
CR
^
D08/30/2023
T-7.66
PPeet's Coffee
LFood:Coffee
CR
^
D08/30/2023
T-129.44
PApple Store
LPersonal:Education
CR
^
D08/31/2023
T-153.66
PWhole Foods Market
LFood:Groceries
CR
A123 Market St
ASan Francisco, CA 94102
^
D08/31/2023
T-61.00
PDoorDash
LFood:Dining
CR
^
D08/31/2023
T-4.78
PStarbucks
LFood:Coffee
CR
^
D08/31/2023
T-144.47
PREI
LEntertainment:Sports
CR
^
D09/01/2023
T-70.04
PDoorDash
LFood:Dining
CR
^
D09/02/2023
T-131.70
PCostco
LFood:Groceries
CR
^
D09/02/2023
T-22.42
PLyft
LTransportation:Rideshare
CR
^
D09/04/2023
T-28.50
PChipotle Mexican Grill
LFood:Dining
^
D09/05/2023
T-131.83
PTrader Joe's
LFood:Groceries
CR
A456 Grocery Ave
ASan Francisco, CA 94103
^
D09/05/2023
T-31.40
PPizza Hut
LFood:Dining
CR
^
D09/05/2023
T-7.48
PPeet's Coffee
LFood:Coffee
CR
^
D09/06/2023
T-70.15
PShell
LTransportation:Gas
CR
^
D09/07/2023
T-10.99
PSpotify
LUtilities:Streaming
CR
^
D09/07/2023
T-7.99
PDisney+
LUtilities:Streaming
CR
^
D09/07/2023
T-46.69
PThai Basil Restaurant
LFood:Dining
CR
^
D09/07/2023
T-4.54
PStarbucks
LFood:Coffee
CR
^
D09/07/2023
T-66.29
P76 Station
LTransportation:Gas
CR
^
D09/08/2023
T-15.99
PNetflix
LUtilities:Streaming
CR
^
D09/08/2023
T-51.17
PCostco
LFood:Groceries
CR
^
D09/08/2023
T-4.81
PStarbucks
LFood:Coffee
CR
^
D09/09/2023
T-14.99
PAmazon
LPersonal:Subscriptions
CR
A410 Terry Ave N
ASeattle      , WA 98109
^
D09/09/2023
T-74.53
PShell
LTransportation:Gas
CR
^
D09/10/2023
T-84.67
PTrader Joe's
LFood:Groceries
Cc
A456 Grocery Ave
ASan Francisco, CA 94103
^
D09/10/2023
T-35.05
PPizza Hut
LFood:Dining
CR
^
D09/10/2023
T-15.13
PLyft
LTransportation:Rideshare
CR
^
D09/11/2023
T-70.27
PChipotle Mexican Grill
LFood:Dining
CR
^
D09/12/2023
T-6.40
PStarbucks
LFood:Coffee
CR
^
D09/13/2023
T-119.51
PCostco
LFood:Groceries
CR
^
D09/13/2023
T-15.61
PDoorDash
LFood:Dining
CR
^
D09/13/2023
T-4.04
PPeet's Coffee
LFood:Coffee
CR
^
D09/14/2023
T-51.86
PTarget
LFood:Groceries
CR
^
D09/14/2023
T-4.97
PPeet's Coffee
LFood:Coffee
CR
^
D09/14/2023
T-112.20
PREI
LEntertainment:Sports
CR
^
D09/16/2023
T-113.05
PWhole Foods Market
LFood:Groceries
CR
A123 Market St
ASan Francisco, CA 94102
^
D09/16/2023
T-24.36
PChipotle Mexican Grill
LFood:Dining
CR
^
D09/16/2023
T-44.33
PLyft
LTransportation:Rideshare
CR
^
D09/17/2023
T-52.25
PPizza Hut
LFood:Dining
Cc
^
D09/18/2023
T-4.43
PPeet's Coffee
LFood:Coffee
CR
^
D09/19/2023
T-5.78
PStarbucks
LFood:Coffee
CR
^
D09/20/2023
T-62.79
PSafeway
LFood:Groceries
CR
^
D09/20/2023
T-6.01
PPeet's Coffee
LFood:Coffee
CR
^
D09/21/2023
T-5.85
PPeet's Coffee
LFood:Coffee
CR
^
D09/22/2023
T-65.41
PThai Basil Restaurant
LFood:Dining
CR
^
D09/23/2023
T-103.40
PTarget
LFood:Groceries
^
D09/23/2023
T-52.41
PUber Eats
LFood:Dining
CR
^
D09/24/2023
T-36.82
PLyft
LTransportation:Rideshare
CR
^
D09/25/2023
T-6.78
PPeet's Coffee
LFood:Coffee
CR
^
D09/26/2023
T-64.79
PChipotle Mexican Grill
LFood:Dining
CR
^
D09/26/2023
T-7.47
PPeet's Coffee
LFood:Coffee
CR
^
D09/27/2023
T-4.26
PStarbucks
LFood:Coffee
CR
^
D09/28/2023
T3307.57
PPayment from Checking
MPayment received
L[Primary Checking]
CR
^
D09/28/2023
T-33.98
PChipotle Mexican Grill
LFood:Dining
CR
^
D09/30/2023
T-167.24
PTrader Joe's
LFood:Groceries
CR
A456 Grocery Ave
ASan Francisco, CA 94103
^
D10/02/2023
T-29.26
PDoorDash
LFood:Dining
CR
^
D10/02/2023
T-5.98
PStarbucks
LFood:Coffee
CR
^
D10/03/2023
T-70.70
PThai Basil Restaurant
LFood:Dining
CR
^
D10/04/2023
T-42.29
PCostco
LFood:Groceries
CR
^
D10/04/2023
T-6.32
PStarbucks
LFood:Coffee
CR
^
D10/05/2023
T-14.99
PAmazon
LPersonal:Subscriptions
CR
A410 Terry Ave N
ASeattle      , WA 98109
^
D10/05/2023
T-25.94
PUber Eats
LFood:Dining
CR
^
D10/05/2023
T-4.25
PPeet's Coffee
LFood:Coffee
CR
^
D10/06/2023
T-15.99
PNetflix
LUtilities:Streaming
CR
^
D10/06/2023
T-10.99
PSpotify
LUtilities:Streaming
CR
^
D10/06/2023
T-68.59
PChipotle Mexican Grill
LFood:Dining
CR
^
D10/06/2023
T-5.30
PPeet's Coffee
LFood:Coffee
CR
^
D10/07/2023
T-7.99
PDisney+
LUtilities:Streaming
CR
^
D10/07/2023
T-85.43
PSafeway
LFood:Groceries
CR
^
D10/07/2023
T-19.02
PDoorDash
LFood:Dining
CR
^
D10/07/2023
T-36.64
PUber
LTransportation:Rideshare
CR
^
D10/08/2023
T-35.51
PPizza Hut
LFood:Dining
CR
^
D10/08/2023
T-44.38
PLyft
LTransportation:Rideshare
CR
^
D10/09/2023
T-6.36
PPeet's Coffee
LFood:Coffee
CR
^
D10/11/2023
T-59.82
PUber Eats
LFood:Dining
CR
^
D10/11/2023
T-5.84
PStarbucks
LFood:Coffee
CR
^
D10/12/2023
T-115.61
PSafeway
LFood:Groceries
CR
^
D10/12/2023
T-7.36
PPeet's Coffee
LFood:Coffee
CR
^
D10/13/2023
T-6.54
PStarbucks
LFood:Coffee
CR
^
D10/14/2023
T-60.16
PCostco
LFood:Groceries
CR
^
D10/14/2023
T-18.97
PUber
LTransportation:Rideshare
CR
^
D10/16/2023
T-13.86
PDoorDash
LFood:Dining
Cc
^
D10/17/2023
T-88.04
PTarget
LFood:Groceries
CR
^
D10/18/2023
T-5.06
PPeet's Coffee
LFood:Coffee
CR
^
D10/20/2023
T-42.21
PChipotle Mexican Grill
LFood:Dining
CR
^
D10/20/2023
T-7.99
PPeet's Coffee
LFood:Coffee
CR
^
D10/21/2023
T-138.56
PWhole Foods Market
LFood:Groceries
CR
A123 Market St
ASan Francisco, CA 94102
^
D10/21/2023
T-44.97
PLyft
LTransportation:Rideshare
CR
^
D10/22/2023
T-45.80
PUber Eats
LFood:Dining
CR
^
D10/22/2023
T-53.69
PShell
LTransportation:Gas
CR
^
D10/23/2023
T-4.87
PPeet's Coffee
LFood:Coffee
CR
^
D10/24/2023
T-97.54
PSafeway
LFood:Groceries
^
D10/24/2023
T-29.88
PChipotle Mexican Grill
LFood:Dining
CR
^
D10/24/2023
T-4.00
PPeet's Coffee
LFood:Coffee
Cc
^
D10/25/2023
T-142.57
PCostco
LFood:Groceries
Cc
^
D10/25/2023
T-26.22
PThai Basil Restaurant
LFood:Dining
CR
^
D10/26/2023
T-56.55
PChipotle Mexican Grill
LFood:Dining
CR
^
D10/26/2023
T-4.64
PStarbucks
LFood:Coffee
CR
^
D10/26/2023
T-39.77
PShell
LTransportation:Gas
CR
^
D10/27/2023
T-57.67
PWhole Foods Market
LFood:Groceries
CR
A123 Market St
ASan Francisco, CA 94102
^
D10/27/2023
T-37.93
PThai Basil Restaurant
LFood:Dining
CR
^
D10/27/2023
T-5.97
PStarbucks
LFood:Coffee
CR
^
D10/28/2023
T2590.26
PPayment from Checking
MPayment received
L[Primary Checking]
CR
^
D10/28/2023
T-104.30
PTarget
LFood:Groceries
CR
^
D10/28/2023
T-70.63
PPizza Hut
LFood:Dining
CR
^
D10/30/2023
T-54.78
PThai Basil Restaurant
LFood:Dining
CR
^
D11/01/2023
T-18.66
PPizza Hut
LFood:Dining
CR
^
D11/01/2023
T-5.41
PPeet's Coffee
LFood:Coffee
CR
^
D11/02/2023
T-16.77
PThai Basil Restaurant
LFood:Dining
CR
^
D11/02/2023
T-7.43
PStarbucks
LFood:Coffee
CR
^
D11/02/2023
T-74.10
PShell
LTransportation:Gas
CR
^
D11/03/2023
T-184.20
PSafeway
MSplit purchase - groceries and household
CR
SFood:Groceries
$-128.94
SHousing:Maintenance
$-55.26
^
D11/03/2023
T-83.10
PTarget
LFood:Groceries
CR
^
D11/03/2023
T-4.07
PPeet's Coffee
LFood:Coffee
CR
^
D11/03/2023
T-70.37
PShell
LTransportation:Gas
CR
^
D11/05/2023
T-7.99
PDisney+
LUtilities:Streaming
CR
^
D11/05/2023
T-14.99
PAmazon
LPersonal:Subscriptions
CR
A410 Terry Ave N
ASeattle      , WA 98109
^
D11/05/2023
T-89.00
PWhole Foods Market
LFood:Groceries
CR
A123 Market St
ASan Francisco, CA 94102
^
D11/05/2023
T-26.97
PChipotle Mexican Grill
LFood:Dining
CR
^
D11/05/2023
T-29.81
PLyft
LTransportation:Rideshare
CR
^
D11/06/2023
T-121.59
PTarget
LFood:Groceries
CR
^
D11/06/2023
T-38.14
PChipotle Mexican Grill
LFood:Dining
Cc
^
D11/06/2023
T-5.69
PPeet's Coffee
LFood:Coffee
CR
^
D11/07/2023
T-15.99
PNetflix
LUtilities:Streaming
CR
^
D11/07/2023
T-10.99
PSpotify
LUtilities:Streaming
CR
^
D11/07/2023
T-4.18
PPeet's Coffee
LFood:Coffee
CR
^
D11/07/2023
T-42.09
P76 Station
LTransportation:Gas
CR
^
D11/08/2023
T-68.80
PChipotle Mexican Grill
LFood:Dining
CR
^
D11/08/2023
T-4.50
PStarbucks
LFood:Coffee
CR
^
D11/09/2023
T-62.51
PDoorDash
LFood:Dining
CR
^
D11/09/2023
T-6.99
PStarbucks
LFood:Coffee
CR
^
D11/10/2023
T-5.59
PStarbucks
LFood:Coffee
Cc
^
D11/10/2023
T-35.93
P76 Station
LTransportation:Gas
CR
^
D11/11/2023
T-76.19
PTarget
LFood:Groceries
CR
^
D11/11/2023
T-64.52
PUber Eats
LFood:Dining
CR
^
D11/11/2023
T-50.89
PShell
LTransportation:Gas
CR
^
D11/11/2023
T-15.77
PLyft
LTransportation:Rideshare
CR
^
D11/12/2023
T-97.00
PTarget
LFood:Groceries
CR
^
D11/12/2023
T-55.53
PDoorDash
LFood:Dining
CR
^
D11/12/2023
T-74.30
PBest Buy
LEntertainment:Games
CR
^
D11/13/2023
T-37.12
PUber Eats
LFood:Dining
CR
^
D11/13/2023
T-6.83
PStarbucks
LFood:Coffee
CR
^
D11/14/2023
T-34.56
PThai Basil Restaurant
LFood:Dining
CR
^
D11/14/2023
T-6.60
PStarbucks
LFood:Coffee
CR
^
D11/16/2023
T-71.01
PShell
LTransportation:Gas
CR
^
D11/17/2023
T-54.53
PCVS Pharmacy
MMedical expense
LHealthcare:Pharmacy
CR
^
D11/17/2023
T-7.32
PPeet's Coffee
LFood:Coffee
CR
^
D11/18/2023
T-13.61
PThai Basil Restaurant
LFood:Dining
CR
^
D11/18/2023
T-31.63
PUber
LTransportation:Rideshare
CR
^
D11/19/2023
T-51.32
PPizza Hut
LFood:Dining
CR
^
D11/19/2023
T-45.93
PShell
LTransportation:Gas
CR
^
D11/22/2023
T-146.16
PWhole Foods Market
LFood:Groceries
CR
A123 Market St
ASan Francisco, CA 94102
^
D11/22/2023
T-24.61
PDoorDash
LFood:Dining
CR
^
D11/22/2023
T-7.07
PStarbucks
LFood:Coffee
CR
^
D11/23/2023
T-165.02
PSafeway
LFood:Groceries
CR
^
D11/23/2023
T-16.99
PChipotle Mexican Grill
LFood:Dining
CR
^
D11/23/2023
T-5.28
PPeet's Coffee
LFood:Coffee
CR
^
D11/24/2023
T-65.80
PWhole Foods Market
LFood:Groceries
CR
A123 Market St
ASan Francisco, CA 94102
^
D11/26/2023
T-63.35
PCostco
LFood:Groceries
CR
^
D11/26/2023
T-65.31
PChevron
LTransportation:Gas
CR
^
D11/27/2023
T-71.87
PTrader Joe's
LFood:Groceries
CR
A456 Grocery Ave
ASan Francisco, CA 94103
^
D11/27/2023
T-7.58
PPeet's Coffee
LFood:Coffee
CR
^
D11/27/2023
T-46.80
PREI
LEntertainment:Sports
CR
^
D11/28/2023
T2958.60
PPayment from Checking
MPayment received
L[Primary Checking]
CR
^
D11/28/2023
T-160.22
PCostco
LFood:Groceries
CR
^
D11/28/2023
T-21.08
PThai Basil Restaurant
LFood:Dining
CR
^
D11/28/2023
T-5.25
PStarbucks
LFood:Coffee
CR
^
D11/28/2023
T-35.66
PChevron
LTransportation:Gas
CR
^
D11/29/2023
T-40.93
PDoorDash
LFood:Dining
CR
^
D11/29/2023
T-6.89
PStarbucks
LFood:Coffee
CR
^
D11/30/2023
T-120.67
PTrader Joe's
MSplit purchase - groceries and household
CR
A456 Grocery Ave
ASan Francisco, CA 94103
SFood:Groceries
$-84.47
SHousing:Maintenance
$-36.20
^
D11/30/2023
T-55.84
PChipotle Mexican Grill
LFood:Dining
CR
^
D12/01/2023
T-42.67
PWhole Foods Market
LFood:Groceries
CR
A123 Market St
ASan Francisco, CA 94102
^
D12/02/2023
T-153.14
PTarget
LFood:Groceries
CR
^
D12/02/2023
T-39.82
PChevron
LTransportation:Gas
CR
^
D12/03/2023
T-161.55
PWhole Foods Market
LFood:Groceries
CR
A123 Market St
ASan Francisco, CA 94102
^
D12/04/2023
T-124.47
PCostco
LFood:Groceries
CR
^
D12/04/2023
T-194.00
PBest Buy
LEntertainment:Games
CR
^
D12/05/2023
T-14.99
PAmazon
LPersonal:Subscriptions
CR
A410 Terry Ave N
ASeattle      , WA 98109
^
D12/05/2023
T-6.91
PStarbucks
LFood:Coffee
CR
^
D12/05/2023
T-44.41
P76 Station
LTransportation:Gas
CR
^
D12/06/2023
T-15.99
PNetflix
LUtilities:Streaming
CR
^
D12/06/2023
T-10.99
PSpotify
LUtilities:Streaming
CR
^
D12/06/2023
T-7.99
PDisney+
LUtilities:Streaming
CR
^
D12/06/2023
T-21.12
PUber Eats
LFood:Dining
CR
^
D12/06/2023
T-6.50
PPeet's Coffee
LFood:Coffee
CR
^
D12/07/2023
T-100.35
PTarget
LFood:Groceries
CR
^
D12/07/2023
T-60.03
PThai Basil Restaurant
LFood:Dining
CR
^
D12/07/2023
T-44.83
PChevron
LTransportation:Gas
Cc
^
D12/09/2023
T-28.92
PUber Eats
LFood:Dining
CR
^
D12/10/2023
T-83.85
PSafeway
LFood:Groceries
Cc
^
D12/10/2023
T-44.97
PUber
LTransportation:Rideshare
CR
^
D12/11/2023
T-81.85
PTrader Joe's
LFood:Groceries
CR
A456 Grocery Ave
ASan Francisco, CA 94103
^
D12/11/2023
T-5.17
PPeet's Coffee
LFood:Coffee
CR
^
D12/12/2023
T-67.84
PThai Basil Restaurant
LFood:Dining
CR
^
D12/12/2023
T-4.75
PPeet's Coffee
LFood:Coffee
CR
^
D12/12/2023
T-73.42
P76 Station
LTransportation:Gas
CR
^
D12/13/2023
T-93.57
PSafeway
LFood:Groceries
CR
^
D12/13/2023
T-55.27
PThai Basil Restaurant
LFood:Dining
CR
^
D12/13/2023
T-4.76
PStarbucks
LFood:Coffee
CR
^
D12/13/2023
T-61.95
PShell
LTransportation:Gas
CR
^
D12/14/2023
T-135.56
PTrader Joe's
LFood:Groceries
CR
A456 Grocery Ave
ASan Francisco, CA 94103
^
D12/15/2023
T-47.87
PThai Basil Restaurant
LFood:Dining
CR
^
D12/15/2023
T-55.69
P76 Station
LTransportation:Gas
CR
^
D12/15/2023
T-128.01
PBest Buy
LEntertainment:Games
CR
^
D12/16/2023
T-52.47
PDoorDash
LFood:Dining
CR
^
D12/17/2023
T-144.68
PTarget
LFood:Groceries
Cc
^
D12/17/2023
T-63.23
P76 Station
LTransportation:Gas
CR
^
D12/17/2023
T-29.00
PLyft
LTransportation:Rideshare
CR
^
D12/19/2023
T-43.60
PUber Eats
LFood:Dining
CR
^
D12/20/2023
T-74.90
PCVS Pharmacy
MMedical expense
LHealthcare:Pharmacy
^
D12/20/2023
T-548.70
PSouthwest Airlines
MHoliday travel
LTravel:Flights
CR
^
D12/20/2023
T-66.30
P76 Station
LTransportation:Gas
CR
^
D12/20/2023
T-61.05
PBest Buy
LEntertainment:Games
CR
^
D12/21/2023
T-4.05
PPeet's Coffee
LFood:Coffee
CR
^
D12/21/2023
T-37.94
PREI
LEntertainment:Sports
CR
^
D12/22/2023
T-42.32
PTrader Joe's
LFood:Groceries
CR
A456 Grocery Ave
ASan Francisco, CA 94103
^
D12/22/2023
T-64.27
PPizza Hut
LFood:Dining
CR
^
D12/22/2023
T-7.32
PStarbucks
LFood:Coffee
CR
^
D12/23/2023
T-168.05
PTrader Joe's
LFood:Groceries
A456 Grocery Ave
ASan Francisco, CA 94103
^
D12/23/2023
T-33.62
PLyft
LTransportation:Rideshare
CR
^
D12/24/2023
T-37.27
PThai Basil Restaurant
LFood:Dining
CR
^
D12/24/2023
T-74.16
PChevron
LTransportation:Gas
CR
^
D12/25/2023
T-107.72
PBest Buy
LEntertainment:Games
CR
^
D12/26/2023
T-6.15
PPeet's Coffee
LFood:Coffee
CR
^
D12/28/2023
T3111.51
PPayment from Checking
MPayment received
L[Primary Checking]
CR
^
D12/28/2023
T-70.22
PPizza Hut
LFood:Dining
CR
^
D12/30/2023
T-134.25
PSafeway
LFood:Groceries
CR
^
D12/30/2023
T-61.69
PUber Eats
LFood:Dining
Cc
^
D12/30/2023
T-28.33
PLyft
LTransportation:Rideshare
Cc
^
D12/31/2023
T-46.54
PShell
LTransportation:Gas
CR
^
D12/31/2023
T-148.63
PBest Buy
LEntertainment:Games
CR
^
D01/01/2024
T-49.89
PDoorDash
LFood:Dining
CR
^
D01/01/2024
T-7.21
PPeet's Coffee
LFood:Coffee
CR
^
D01/02/2024
T-29.32
PThai Basil Restaurant
LFood:Dining
CR
^
D01/03/2024
T-18.66
PChipotle Mexican Grill
LFood:Dining
CR
^
D01/03/2024
T-4.38
PStarbucks
LFood:Coffee
CR
^
D01/04/2024
T-80.63
PTrader Joe's
LFood:Groceries
CR
A456 Grocery Ave
ASan Francisco, CA 94103
^
D01/05/2024
T-15.99
PNetflix
LUtilities:Streaming
CR
^
D01/05/2024
T-7.99
PDisney+
LUtilities:Streaming
CR
^
D01/05/2024
T-132.61
PSafeway
LFood:Groceries
CR
^
D01/05/2024
T-58.20
PChipotle Mexican Grill
LFood:Dining
CR
^
D01/05/2024
T-153.48
PREI
LEntertainment:Sports
CR
^
D01/06/2024
T-14.99
PAmazon
LPersonal:Subscriptions
CR
A410 Terry Ave N
ASeattle      , WA 98109
^
D01/06/2024
T-31.87
PPizza Hut
LFood:Dining
CR
^
D01/07/2024
T-49.47
PPizza Hut
LFood:Dining
^
D01/07/2024
T-29.90
PUber
LTransportation:Rideshare
CR
^
D01/08/2024
T-7.82
PStarbucks
LFood:Coffee
Cc
^
D01/09/2024
T-10.99
PSpotify
LUtilities:Streaming
CR
^
D01/09/2024
T-22.83
PThai Basil Restaurant
LFood:Dining
CR
^
D01/09/2024
T-4.09
PPeet's Coffee
LFood:Coffee
CR
^
D01/09/2024
T-146.61
PNordstrom
LPersonal:Clothing
CR
^
D01/10/2024
T-124.64
PSafeway
LFood:Groceries
^
D01/10/2024
T-5.88
PPeet's Coffee
LFood:Coffee
CR
^
D01/11/2024
T-20.18
PChipotle Mexican Grill
LFood:Dining
CR
^
D01/11/2024
T-5.73
PStarbucks
LFood:Coffee
CR
^
D01/12/2024
T-99.00
PSafeway
LFood:Groceries
CR
^
D01/12/2024
T-53.05
PDoorDash
LFood:Dining
^
D01/12/2024
T-4.76
PPeet's Coffee
LFood:Coffee
CR
^
D01/12/2024
T-44.39
PChevron
LTransportation:Gas
CR
^
D01/13/2024
T-177.93
PWhole Foods Market
LFood:Groceries
CR
A123 Market St
ASan Francisco, CA 94102
^
D01/14/2024
T-46.51
PThai Basil Restaurant
LFood:Dining
CR
^
D01/14/2024
T-73.53
P76 Station
LTransportation:Gas
CR
^
D01/14/2024
T-38.80
PLyft
LTransportation:Rideshare
CR
^
D01/14/2024
T-145.68
PNordstrom
LPersonal:Clothing
CR
^
D01/15/2024
T-61.31
PTarget
LFood:Groceries
CR
^
D01/15/2024
T-7.12
PPeet's Coffee
LFood:Coffee
CR
^
D01/16/2024
T-127.94
PCostco
LFood:Groceries
CR
^
D01/17/2024
T-54.79
PShell
LTransportation:Gas
CR
^
D01/18/2024
T-23.28
PUber Eats
LFood:Dining
CR
^
D01/18/2024
T-7.17
PPeet's Coffee
LFood:Coffee
CR
^
D01/19/2024
T-139.06
PTarget
LFood:Groceries
CR
^
D01/19/2024
T-36.69
PDoorDash
LFood:Dining
CR
^
D01/19/2024
T-7.50
PPeet's Coffee
LFood:Coffee
CR
^
D01/19/2024
T-128.08
PREI
LEntertainment:Sports
CR
^
D01/20/2024
T-86.60
PCostco
LFood:Groceries
CR
^
D01/20/2024
T-43.89
PChipotle Mexican Grill
LFood:Dining
CR
^
D01/20/2024
T-42.61
P76 Station
LTransportation:Gas
CR
^
D01/21/2024
T-33.32
PLyft
LTransportation:Rideshare
Cc
^
D01/23/2024
T-92.74
PSafeway
LFood:Groceries
CR
^
D01/24/2024
T-4.29
PStarbucks
LFood:Coffee
CR
^
D01/25/2024
T-70.76
PSafeway
LFood:Groceries
CR
^
D01/25/2024
T-4.94
PStarbucks
LFood:Coffee
CR
^
D01/26/2024
T-89.45
PSafeway
LFood:Groceries
Cc
^
D01/26/2024
T-45.09
PChevron
LTransportation:Gas
CR
^
D01/27/2024
T-41.97
PCVS Pharmacy
MMedical expense
LHealthcare:Pharmacy
CR
^
D01/28/2024
T2205.13
PPayment from Checking
MPayment received
L[Primary Checking]
CR
^
D01/28/2024
T-20.60
PUber
LTransportation:Rideshare
Cc
^
D01/29/2024
T-116.38
PSafeway
LFood:Groceries
CR
^
D01/29/2024
T-71.61
PShell
LTransportation:Gas
CR
^
D01/30/2024
T-6.45
PPeet's Coffee
LFood:Coffee
CR
^
D01/31/2024
T-41.31
PChevron
LTransportation:Gas
Cc
^
D02/02/2024
T-61.02
P76 Station
LTransportation:Gas
CR
^
D02/03/2024
T-69.15
PDoorDash
LFood:Dining
CR
^
D02/04/2024
T-16.69
PUber
LTransportation:Rideshare
^
D02/05/2024
T-118.44
PTarget
LFood:Groceries
CR
^
D02/05/2024
T-24.13
PUber Eats
LFood:Dining
CR
^
D02/05/2024
T-7.47
PStarbucks
LFood:Coffee
CR
^
D02/05/2024
T-70.83
P76 Station
LTransportation:Gas
CR
^
D02/06/2024
T-71.13
PUber Eats
LFood:Dining
CR
^
D02/06/2024
T-6.46
PPeet's Coffee
LFood:Coffee
CR
^
D02/07/2024
T-10.99
PSpotify
LUtilities:Streaming
CR
^
D02/07/2024
T-14.99
PAmazon
LPersonal:Subscriptions
CR
A410 Terry Ave N
ASeattle      , WA 98109
^
D02/07/2024
T-103.22
PSafeway
LFood:Groceries
CR
^
D02/07/2024
T-49.55
PDoorDash
LFood:Dining
CR
^
D02/08/2024
T-48.47
PThai Basil Restaurant
LFood:Dining
CR
^
D02/08/2024
T-6.76
PStarbucks
LFood:Coffee
CR
^
D02/09/2024
T-15.99
PNetflix
LUtilities:Streaming
CR
^
D02/09/2024
T-7.99
PDisney+
LUtilities:Streaming
CR
^
D02/09/2024
T-71.46
PChipotle Mexican Grill
LFood:Dining
CR
^
D02/10/2024
T-139.81
PTrader Joe's
LFood:Groceries
CR
A456 Grocery Ave
ASan Francisco, CA 94103
^
D02/11/2024
T-65.95
PDoorDash
LFood:Dining
CR
^
D02/11/2024
T-47.66
PShell
LTransportation:Gas
CR
^
D02/11/2024
T-34.57
PLyft
LTransportation:Rideshare
CR
^
D02/12/2024
T-21.35
PChipotle Mexican Grill
LFood:Dining
CR
^
D02/12/2024
T-60.31
P76 Station
LTransportation:Gas
CR
^
D02/13/2024
T-60.27
PWhole Foods Market
LFood:Groceries
CR
A123 Market St
ASan Francisco, CA 94102
^
D02/13/2024
T-23.59
PThai Basil Restaurant
LFood:Dining
CR
^
D02/14/2024
T-61.91
PChipotle Mexican Grill
LFood:Dining
CR
^
D02/14/2024
T-6.39
PStarbucks
LFood:Coffee
CR
^
D02/15/2024
T-43.96
PThai Basil Restaurant
LFood:Dining
Cc
^
D02/15/2024
T-5.55
PPeet's Coffee
LFood:Coffee
CR
^
D02/16/2024
T-19.05
PUber Eats
LFood:Dining
CR
^
D02/16/2024
T-71.75
PShell
LTransportation:Gas
CR
^
D02/17/2024
T-45.39
PWhole Foods Market
LFood:Groceries
CR
A123 Market St
ASan Francisco, CA 94102
^
D02/17/2024
T-15.55
PLyft
LTransportation:Rideshare
CR
^
D02/18/2024
T-109.26
PWhole Foods Market
LFood:Groceries
CR
A123 Market St
ASan Francisco, CA 94102
^
D02/18/2024
T-50.32
PShell
LTransportation:Gas
CR
^
D02/19/2024
T-74.68
PTarget
LFood:Groceries
CR
^
D02/19/2024
T-6.93
PPeet's Coffee
LFood:Coffee
CR
^
D02/20/2024
T-60.99
PDoorDash
LFood:Dining
CR
^
D02/20/2024
T-7.30
PPeet's Coffee
LFood:Coffee
CR
^
D02/22/2024
T-87.53
PCostco
LFood:Groceries
CR
^
D02/22/2024
T-26.27
PUber Eats
LFood:Dining
CR
^
D02/23/2024
T-24.88
PPizza Hut
LFood:Dining
CR
^
D02/23/2024
T-4.59
PPeet's Coffee
LFood:Coffee
CR
^
D02/23/2024
T-37.43
P76 Station
LTransportation:Gas
CR
^
D02/24/2024
T-42.09
PPizza Hut
LFood:Dining
CR
^
D02/25/2024
T-43.59
PThai Basil Restaurant
LFood:Dining
CR
^
D02/27/2024
T-19.40
PPizza Hut
LFood:Dining
CR
^
D02/27/2024
T-6.40
PStarbucks
LFood:Coffee
CR
^
D02/27/2024
T-63.79
PShell
LTransportation:Gas
CR
^
D02/28/2024
T1819.90
PPayment from Checking
MPayment received
L[Primary Checking]
CR
^
D02/29/2024
T-42.82
PUber Eats
LFood:Dining
CR
^
D03/01/2024
T-7.74
PPeet's Coffee
LFood:Coffee
CR
^
D03/02/2024
T-124.15
PKaiser Permanente
MMedical expense
LHealthcare:Doctor
CR
^
D03/02/2024
T-14.68
PPizza Hut
LFood:Dining
Cc
^
D03/02/2024
T-40.99
PLyft
LTransportation:Rideshare
CR
^
D03/03/2024
T-91.67
PTrader Joe's
LFood:Groceries
CR
A456 Grocery Ave
ASan Francisco, CA 94103
^
D03/03/2024
T-107.07
PREI
LEntertainment:Sports
CR
^
D03/04/2024
T-41.13
PSafeway
LFood:Groceries
CR
^
D03/04/2024
T-72.87
PThai Basil Restaurant
LFood:Dining
CR
^
D03/04/2024
T-5.84
PStarbucks
LFood:Coffee
CR
^
D03/06/2024
T-7.99
PDisney+
LUtilities:Streaming
CR
^
D03/06/2024
T-21.45
PPizza Hut
LFood:Dining
CR
^
D03/06/2024
T-5.70
PPeet's Coffee
LFood:Coffee
CR
^
D03/07/2024
T-7.43
PStarbucks
LFood:Coffee
CR
^
D03/08/2024
T-15.99
PNetflix
LUtilities:Streaming
CR
^
D03/08/2024
T-10.99
PSpotify
LUtilities:Streaming
CR
^
D03/08/2024
T-147.46
PTarget
LFood:Groceries
CR
^
D03/08/2024
T-32.38
PDoorDash
LFood:Dining
CR
^
D03/09/2024
T-14.99
PAmazon
LPersonal:Subscriptions
CR
A410 Terry Ave N
ASeattle      , WA 98109
^
D03/10/2024
T-87.65
PTarget
LFood:Groceries
CR
^
D03/10/2024
T-51.09
PShell
LTransportation:Gas
Cc
^
D03/11/2024
T-171.67
PBest Buy
LEntertainment:Games
CR
^
D03/12/2024
T-46.19
PDoorDash
LFood:Dining
CR
^
D03/12/2024
T-6.99
PPeet's Coffee
LFood:Coffee
CR
^
D03/12/2024
T-90.83
PREI
LEntertainment:Sports
CR
^
D03/13/2024
T-24.78
PThai Basil Restaurant
LFood:Dining
Cc
^
D03/13/2024
T-7.65
PStarbucks
LFood:Coffee
CR
^
D03/13/2024
T-50.63
P76 Station
LTransportation:Gas
CR
^
D03/13/2024
T-144.48
PREI
LEntertainment:Sports
CR
^
D03/14/2024
T-61.71
PWhole Foods Market
LFood:Groceries
CR
A123 Market St
ASan Francisco, CA 94102
^
D03/14/2024
T-28.15
PUber Eats
LFood:Dining
CR
^
D03/14/2024
T-4.37
PStarbucks
LFood:Coffee
CR
^
D03/15/2024
T-56.50
PPizza Hut
LFood:Dining
CR
^
D03/15/2024
T-6.96
PStarbucks
LFood:Coffee
CR
^
D03/16/2024
T-161.07
PTarget
LFood:Groceries
CR
^
D03/16/2024
T-20.46
PDoorDash
LFood:Dining
CR
^
D03/17/2024
T-37.99
PDoorDash
LFood:Dining
CR
^
D03/19/2024
T-42.83
PThai Basil Restaurant
LFood:Dining
CR
^
D03/19/2024
T-5.14
PStarbucks
LFood:Coffee
CR
^
D03/20/2024
T-46.62
PWhole Foods Market
LFood:Groceries
CR
A123 Market St
ASan Francisco, CA 94102
^
D03/20/2024
T-6.61
PPeet's Coffee
LFood:Coffee
CR
^
D03/21/2024
T-74.61
PTrader Joe's
LFood:Groceries
CR
A456 Grocery Ave
ASan Francisco, CA 94103
^
D03/21/2024
T-44.43
PUber Eats
LFood:Dining
CR
^
D03/21/2024
T-4.09
PPeet's Coffee
LFood:Coffee
CR
^
D03/21/2024
T-65.39
P76 Station
LTransportation:Gas
^
D03/22/2024
T-26.06
PPizza Hut
LFood:Dining
CR
^
D03/22/2024
T-6.64
PStarbucks
LFood:Coffee
CR
^
D03/24/2024
T-59.01
PChipotle Mexican Grill
LFood:Dining
CR
^
D03/24/2024
T-35.40
PShell
LTransportation:Gas
CR
^
D03/25/2024
T-163.79
PSafeway
LFood:Groceries
CR
^
D03/25/2024
T-64.90
PPizza Hut
LFood:Dining
CR
^
D03/26/2024
T-5.54
PPeet's Coffee
LFood:Coffee
CR
^
D03/26/2024
T-36.50
P76 Station
LTransportation:Gas
CR
^
D03/27/2024
T-62.60
PPizza Hut
LFood:Dining
CR
^
D03/27/2024
T-4.01
PPeet's Coffee
LFood:Coffee
CR
^
D03/28/2024
T2536.75
PPayment from Checking
MPayment received
L[Primary Checking]
CR
^
D03/28/2024
T-59.09
PPizza Hut
LFood:Dining
CR
^
D03/29/2024
T-36.93
PChipotle Mexican Grill
LFood:Dining
CR
^
D03/29/2024
T-5.21
PPeet's Coffee
LFood:Coffee
CR
^
D03/30/2024
T-35.08
PChipotle Mexican Grill
LFood:Dining
CR
^
D03/30/2024
T-114.00
PNordstrom
LPersonal:Clothing
CR
^
D03/31/2024
T-38.54
PUber
LTransportation:Rideshare
CR
^
D04/01/2024
T-7.34
PPeet's Coffee
LFood:Coffee
CR
^
D04/02/2024
T-7.98
PStarbucks
LFood:Coffee
CR
^
D04/03/2024
T-26.74
PUber Eats
LFood:Dining
CR
^
D04/03/2024
T-4.23
PStarbucks
LFood:Coffee
Cc
^
D04/04/2024
T-132.29
PWhole Foods Market
LFood:Groceries
CR
A123 Market St
ASan Francisco, CA 94102
^
D04/05/2024
T-6.97
PPeet's Coffee
LFood:Coffee
CR
^
D04/06/2024
T-40.42
PPizza Hut
LFood:Dining
CR
^
D04/07/2024
T-7.99
PDisney+
LUtilities:Streaming
CR
^
D04/08/2024
T-10.99
PSpotify
LUtilities:Streaming
CR
^
D04/08/2024
T-14.99
PAmazon
LPersonal:Subscriptions
CR
A410 Terry Ave N
ASeattle      , WA 98109
^
D04/08/2024
T-4.73
PPeet's Coffee
LFood:Coffee
CR
^
D04/09/2024
T-15.99
PNetflix
LUtilities:Streaming
CR
^
D04/09/2024
T-7.25
PPeet's Coffee
LFood:Coffee
CR
^
D04/09/2024
T-107.87
PNordstrom
LPersonal:Clothing
CR
^
D04/10/2024
T-6.35
PPeet's Coffee
LFood:Coffee
CR
^
D04/11/2024
T-4.81
PPeet's Coffee
LFood:Coffee
CR
^
D04/12/2024
T-13.74
PChipotle Mexican Grill
LFood:Dining
CR
^
D04/13/2024
T-79.85
PWhole Foods Market
LFood:Groceries
CR
A123 Market St
ASan Francisco, CA 94102
^
D04/13/2024
T-37.92
PThai Basil Restaurant
LFood:Dining
CR
^
D04/15/2024
T-64.57
P76 Station
LTransportation:Gas
CR
^
D04/16/2024
T-5.58
PStarbucks
LFood:Coffee
^
D04/16/2024
T-58.69
P76 Station
LTransportation:Gas
CR
^
D04/17/2024
T-73.30
PPizza Hut
LFood:Dining
CR
^
D04/17/2024
T-5.84
PPeet's Coffee
LFood:Coffee
CR
^
D04/18/2024
T-160.67
PCostco
LFood:Groceries
CR
^
D04/20/2024
T-43.12
PLyft
LTransportation:Rideshare
CR
^
D04/21/2024
T-16.48
PChipotle Mexican Grill
LFood:Dining
CR
^
D04/22/2024
T-24.36
PThai Basil Restaurant
LFood:Dining
CR
^
D04/23/2024
T-171.16
PCostco
LFood:Groceries
CR
^
D04/23/2024
T-69.68
PChipotle Mexican Grill
LFood:Dining
^
D04/23/2024
T-4.84
PPeet's Coffee
LFood:Coffee
CR
^
D04/24/2024
T-5.20
PPeet's Coffee
LFood:Coffee
CR
^
D04/24/2024
T-59.32
PShell
LTransportation:Gas
CR
^
D04/25/2024
T-118.35
PTrader Joe's
LFood:Groceries
CR
A456 Grocery Ave
ASan Francisco, CA 94103
^
D04/25/2024
T-4.02
PPeet's Coffee
LFood:Coffee
CR
^
D04/25/2024
T-61.58
PShell
LTransportation:Gas
CR
^
D04/26/2024
T-4.66
PStarbucks
LFood:Coffee
CR
^
D04/27/2024
T-35.02
PLyft
LTransportation:Rideshare
CR
^
D04/28/2024
T1514.47
PPayment from Checking
MPayment received
L[Primary Checking]
CR
^
D04/30/2024
T-35.80
PThai Basil Restaurant
LFood:Dining
CR
^
D05/01/2024
T-6.41
PStarbucks
LFood:Coffee
^
D05/01/2024
T-39.21
P76 Station
LTransportation:Gas
CR
^
D05/02/2024
T-13.32
PThai Basil Restaurant
LFood:Dining
CR
^
D05/02/2024
T-7.76
PStarbucks
LFood:Coffee
CR
^
D05/03/2024
T-6.26
PStarbucks
LFood:Coffee
CR
^
D05/05/2024
T-38.66
PDoorDash
LFood:Dining
CR
^
D05/05/2024
T-20.55
PLyft
LTransportation:Rideshare
CR
^
D05/06/2024
T-5.34
PStarbucks
LFood:Coffee
CR
^
D05/07/2024
T-15.99
PNetflix
LUtilities:Streaming
CR
^
D05/07/2024
T-44.89
PUber Eats
LFood:Dining
CR
^
D05/07/2024
T-7.45
PPeet's Coffee
LFood:Coffee
Cc
^
D05/08/2024
T-7.99
PDisney+
LUtilities:Streaming
CR
^
D05/09/2024
T-10.99
PSpotify
LUtilities:Streaming
CR
^
D05/09/2024
T-14.99
PAmazon
LPersonal:Subscriptions
CR
A410 Terry Ave N
ASeattle      , WA 98109
^
D05/09/2024
T-25.90
PUber Eats
LFood:Dining
CR
^
D05/10/2024
T-82.10
PTarget
LFood:Groceries
CR
^
D05/10/2024
T-5.30
PStarbucks
LFood:Coffee
CR
^
D05/12/2024
T-44.43
PThai Basil Restaurant
LFood:Dining
CR
^
D05/13/2024
T-128.38
PSafeway
LFood:Groceries
CR
^
D05/13/2024
T-5.51
PStarbucks
LFood:Coffee
CR
^
D05/14/2024
T-71.55
PChipotle Mexican Grill
LFood:Dining
CR
^
D05/16/2024
T-6.63
PStarbucks
LFood:Coffee
CR
^
D05/17/2024
T-72.22
PChipotle Mexican Grill
LFood:Dining
CR
^
D05/17/2024
T-35.78
P76 Station
LTransportation:Gas
CR
^
D05/18/2024
T-30.27
PPizza Hut
LFood:Dining
CR
^
D05/20/2024
T-100.97
PSafeway
LFood:Groceries
CR
^
D05/20/2024
T-28.09
PChipotle Mexican Grill
LFood:Dining
^
D05/20/2024
T-6.39
PPeet's Coffee
LFood:Coffee
CR
^
D05/20/2024
T-39.06
P76 Station
LTransportation:Gas
CR
^
D05/21/2024
T-5.72
PPeet's Coffee
LFood:Coffee
CR
^
D05/21/2024
T-60.03
P76 Station
LTransportation:Gas
CR
^
D05/22/2024
T-169.76
PCostco
LFood:Groceries
CR
^
D05/22/2024
T-5.46
PStarbucks
LFood:Coffee
CR
^
D05/23/2024
T-5.64
PPeet's Coffee
LFood:Coffee
CR
^
D05/24/2024
T-15.20
PUber Eats
LFood:Dining
CR
^
D05/24/2024
T-6.72
PStarbucks
LFood:Coffee
CR
^
D05/24/2024
T-46.48
PChevron
LTransportation:Gas
CR
^
D05/24/2024
T-71.83
PREI
LEntertainment:Sports
CR
^
D05/25/2024
T-32.19
PUber
LTransportation:Rideshare
CR
^
D05/26/2024
T-63.99
PUber Eats
LFood:Dining
CR
^
D05/27/2024
T-23.88
PThai Basil Restaurant
LFood:Dining
^
D05/28/2024
T1975.12
PPayment from Checking
MPayment received
L[Primary Checking]
CR
^
D05/28/2024
T-7.77
PPeet's Coffee
LFood:Coffee
CR
^
D05/28/2024
T-44.31
PChevron
LTransportation:Gas
^
D05/29/2024
T-12.76
PDoorDash
LFood:Dining
CR
^
D05/30/2024
T-6.02
PPeet's Coffee
LFood:Coffee
Cc
^
D06/01/2024
T-25.31
PLyft
LTransportation:Rideshare
CR
^
D06/02/2024
T-61.93
PDoorDash
LFood:Dining
CR
^
D06/03/2024
T-6.03
PStarbucks
LFood:Coffee
CR
^
D06/04/2024
T-7.41
PPeet's Coffee
LFood:Coffee
CR
^
D06/05/2024
T-7.99
PDisney+
LUtilities:Streaming
CR
^
D06/05/2024
T-56.74
PUber Eats
LFood:Dining
CR
^
D06/05/2024
T-7.60
PStarbucks
LFood:Coffee
CR
^
D06/06/2024
T-10.99
PSpotify
LUtilities:Streaming
CR
^
D06/06/2024
T-14.99
PAmazon
LPersonal:Subscriptions
CR
A410 Terry Ave N
ASeattle      , WA 98109
^
D06/06/2024
T-50.22
PTrader Joe's
LFood:Groceries
CR
A456 Grocery Ave
ASan Francisco, CA 94103
^
D06/06/2024
T-7.84
PStarbucks
LFood:Coffee
CR
^
D06/08/2024
T-166.15
PTarget
MSplit purchase - groceries and household
CR
SFood:Groceries
$-116.31
SHousing:Maintenance
$-49.84
^
D06/08/2024
T-54.93
PTrader Joe's
LFood:Groceries
CR
A456 Grocery Ave
ASan Francisco, CA 94103
^
D06/08/2024
T-37.50
PPizza Hut
LFood:Dining
CR
^
D06/09/2024
T-15.99
PNetflix
LUtilities:Streaming
CR
^
D06/10/2024
T-27.34
PPizza Hut
LFood:Dining
CR
^
D06/11/2024
T-5.04
PStarbucks
LFood:Coffee
CR
^
D06/12/2024
T-33.45
PDoorDash
LFood:Dining
CR
^
D06/12/2024
T-4.77
PPeet's Coffee
LFood:Coffee
CR
^
D06/13/2024
T-66.03
PPizza Hut
LFood:Dining
CR
^
D06/13/2024
T-7.90
PStarbucks
LFood:Coffee
CR
^
D06/13/2024
T-68.52
P76 Station
LTransportation:Gas
CR
^
D06/14/2024
T-43.14
PDoorDash
LFood:Dining
CR
^
D06/15/2024
T-173.69
PSafeway
LFood:Groceries
CR
^
D06/15/2024
T-46.35
PPizza Hut
LFood:Dining
CR
^
D06/15/2024
T-24.96
PUber
LTransportation:Rideshare
^
D06/16/2024
T-44.20
P76 Station
LTransportation:Gas
CR
^
D06/16/2024
T-17.41
PLyft
LTransportation:Rideshare
CR
^
D06/17/2024
T-72.98
PThai Basil Restaurant
LFood:Dining
CR
^
D06/17/2024
T-5.34
PStarbucks
LFood:Coffee
CR
^
D06/19/2024
T-39.35
PDoorDash
LFood:Dining
CR
^
D06/19/2024
T-6.00
PPeet's Coffee
LFood:Coffee
CR
^
D06/19/2024
T-44.00
PChevron
LTransportation:Gas
CR
^
D06/20/2024
T-56.31
PPizza Hut
LFood:Dining
CR
^
D06/20/2024
T-5.79
PPeet's Coffee
LFood:Coffee
CR
^
D06/21/2024
T-141.73
PWalgreens
MMedical expense
LHealthcare:Pharmacy
^
D06/21/2024
T-54.97
PSafeway
LFood:Groceries
CR
^
D06/21/2024
T-23.63
PDoorDash
LFood:Dining
CR
^
D06/21/2024
T-5.16
PPeet's Coffee
LFood:Coffee
CR
^
D06/21/2024
T-119.35
PREI
LEntertainment:Sports
CR
^
D06/22/2024
T-47.91
PThai Basil Restaurant
LFood:Dining
CR
^
D06/22/2024
T-44.05
PLyft
LTransportation:Rideshare
CR
^
D06/22/2024
T-92.22
PBest Buy
LEntertainment:Games
CR
^
D06/24/2024
T-6.12
PStarbucks
LFood:Coffee
Cc
^
D06/25/2024
T-57.02
PChipotle Mexican Grill
LFood:Dining
CR
^
D06/25/2024
T-35.57
P76 Station
LTransportation:Gas
Cc
^
D06/26/2024
T-6.18
PPeet's Coffee
LFood:Coffee
CR
^
D06/27/2024
T-22.79
PUber Eats
LFood:Dining
CR
^
D06/27/2024
T-5.39
PPeet's Coffee
LFood:Coffee
CR
^
D06/27/2024
T-121.09
PBest Buy
LEntertainment:Games
CR
^
D06/28/2024
T2343.60
PPayment from Checking
MPayment received
L[Primary Checking]
CR
^
D06/28/2024
T-70.98
PShell
LTransportation:Gas
CR
^
D06/29/2024
T-39.07
PLyft
LTransportation:Rideshare
CR
^
D06/30/2024
T-170.73
PWhole Foods Market
LFood:Groceries
CR
A123 Market St
ASan Francisco, CA 94102
^
D06/30/2024
T-19.27
PLyft
LTransportation:Rideshare
CR
^
D07/01/2024
T-114.21
PTrader Joe's
LFood:Groceries
CR
A456 Grocery Ave
ASan Francisco, CA 94103
^
D07/01/2024
T-7.23
PPeet's Coffee
LFood:Coffee
CR
^
D07/02/2024
T-64.81
PUber Eats
LFood:Dining
CR
^
D07/02/2024
T-4.75
PPeet's Coffee
LFood:Coffee
CR
^
D07/02/2024
T-44.67
PChevron
LTransportation:Gas
CR
^
D07/03/2024
T-37.06
PPizza Hut
LFood:Dining
CR
^
D07/04/2024
T-6.74
PStarbucks
LFood:Coffee
CR
^
D07/05/2024
T-15.99
PNetflix
LUtilities:Streaming
CR
^
D07/05/2024
T-14.99
PAmazon
LPersonal:Subscriptions
CR
A410 Terry Ave N
ASeattle      , WA 98109
^
D07/05/2024
T-26.55
PUber Eats
LFood:Dining
CR
^
D07/05/2024
T-6.15
PStarbucks
LFood:Coffee
CR
^
D07/06/2024
T-29.26
PUber
LTransportation:Rideshare
CR
^
D07/07/2024
T-82.93
PCostco
MSplit purchase - groceries and household
CR
SFood:Groceries
$-58.05
SHousing:Maintenance
$-24.88
^
D07/07/2024
T-39.59
PThai Basil Restaurant
LFood:Dining
CR
^
D07/08/2024
T-64.78
PUber Eats
LFood:Dining
CR
^
D07/08/2024
T-7.55
PStarbucks
LFood:Coffee
CR
^
D07/09/2024
T-10.99
PSpotify
LUtilities:Streaming
CR
^
D07/09/2024
T-7.99
PDisney+
LUtilities:Streaming
CR
^
D07/09/2024
T-155.09
PTrader Joe's
LFood:Groceries
CR
A456 Grocery Ave
ASan Francisco, CA 94103
^
D07/10/2024
T-42.53
PTrader Joe's
LFood:Groceries
CR
A456 Grocery Ave
ASan Francisco, CA 94103
^
D07/10/2024
T-45.20
PThai Basil Restaurant
LFood:Dining
CR
^
D07/10/2024
T-5.36
PPeet's Coffee
LFood:Coffee
CR
^
D07/11/2024
T-61.01
PChipotle Mexican Grill
LFood:Dining
Cc
^
D07/12/2024
T-127.62
PTrader Joe's
LFood:Groceries
CR
A456 Grocery Ave
ASan Francisco, CA 94103
^
D07/12/2024
T-25.35
PThai Basil Restaurant
LFood:Dining
CR
^
D07/12/2024
T-72.27
P76 Station
LTransportation:Gas
CR
^
D07/13/2024
T-115.57
PSafeway
LFood:Groceries
^
D07/13/2024
T-61.58
P76 Station
LTransportation:Gas
CR
^
D07/14/2024
T-15.09
PThai Basil Restaurant
LFood:Dining
CR
^
D07/14/2024
T-65.39
PChevron
LTransportation:Gas
CR
^
D07/15/2024
T-54.20
PChipotle Mexican Grill
LFood:Dining
CR
^
D07/16/2024
T-70.75
PSafeway
LFood:Groceries
CR
^
D07/16/2024
T-19.78
PPizza Hut
LFood:Dining
^
D07/16/2024
T-7.62
PPeet's Coffee
LFood:Coffee
CR
^
D07/17/2024
T-150.71
PWhole Foods Market
MSplit purchase - groceries and household
A123 Market St
ASan Francisco, CA 94102
SFood:Groceries
$-105.50
SHousing:Maintenance
$-45.21
^
D07/17/2024
T-37.66
PDoorDash
LFood:Dining
CR
^
D07/17/2024
T-6.71
PPeet's Coffee
LFood:Coffee
CR
^
D07/18/2024
T-430.39
PSouthwest Airlines
MSummer vacation flights
LTravel:Flights
CR
^
D07/18/2024
T-46.14
PWhole Foods Market
LFood:Groceries
CR
A123 Market St
ASan Francisco, CA 94102
^
D07/18/2024
T-57.69
PThai Basil Restaurant
LFood:Dining
CR
^
D07/18/2024
T-4.06
PStarbucks
LFood:Coffee
CR
^
D07/19/2024
T-523.54
PAirbnb
MSummer vacation lodging
LTravel:Hotels
CR
^
D07/19/2024
T-5.36
PStarbucks
LFood:Coffee
CR
^
D07/20/2024
T-43.93
PSafeway
LFood:Groceries
CR
^
D07/21/2024
T-32.59
PLyft
LTransportation:Rideshare
CR
^
D07/22/2024
T-57.01
PCostco
LFood:Groceries
CR
^
D07/22/2024
T-41.41
PUber Eats
LFood:Dining
CR
^
D07/23/2024
T-50.31
PChipotle Mexican Grill
LFood:Dining
CR
^
D07/23/2024
T-6.69
PPeet's Coffee
LFood:Coffee
^
D07/23/2024
T-33.40
PREI
LEntertainment:Sports
CR
^
D07/25/2024
T-65.03
PTarget
LFood:Groceries
CR
^
D07/27/2024
T-31.51
PChipotle Mexican Grill
LFood:Dining
CR
^
D07/27/2024
T-47.77
PChevron
LTransportation:Gas
CR
^
D07/28/2024
T3306.72
PPayment from Checking
MPayment received
L[Primary Checking]
CR
^
D07/28/2024
T-71.33
PSafeway
LFood:Groceries
CR
^
D07/28/2024
T-45.49
PShell
LTransportation:Gas
CR
^
D07/28/2024
T-92.76
PNordstrom
LPersonal:Clothing
CR
^
D07/29/2024
T-57.00
PThai Basil Restaurant
LFood:Dining
CR
^
D07/29/2024
T-6.88
PPeet's Coffee
LFood:Coffee
CR
^
D07/30/2024
T-5.58
PPeet's Coffee
LFood:Coffee
CR
^
D07/31/2024
T-51.13
PChipotle Mexican Grill
LFood:Dining
CR
^
D07/31/2024
T-38.99
PChevron
LTransportation:Gas
CR
^
D08/01/2024
T-70.49
PChipotle Mexican Grill
LFood:Dining
CR
^
D08/02/2024
T-95.70
PTrader Joe's
LFood:Groceries
CR
A456 Grocery Ave
ASan Francisco, CA 94103
^
D08/02/2024
T-6.00
PStarbucks
LFood:Coffee
CR
^
D08/04/2024
T-63.65
PShell
LTransportation:Gas
CR
^
D08/04/2024
T-84.88
PNordstrom
LPersonal:Clothing
CR
^
D08/05/2024
T-10.99
PSpotify
LUtilities:Streaming
CR
^
D08/05/2024
T-14.99
PAmazon
LPersonal:Subscriptions
CR
A410 Terry Ave N
ASeattle      , WA 98109
^
D08/05/2024
T-134.67
PWhole Foods Market
LFood:Groceries
CR
A123 Market St
ASan Francisco, CA 94102
^
D08/05/2024
T-37.98
PDoorDash
LFood:Dining
CR
^
D08/06/2024
T-64.91
PThai Basil Restaurant
LFood:Dining
CR
^
D08/06/2024
T-7.49
PPeet's Coffee
LFood:Coffee
CR
^
D08/07/2024
T-15.99
PNetflix
LUtilities:Streaming
CR
^
D08/07/2024
T-7.99
PDisney+
LUtilities:Streaming
CR
^
D08/07/2024
T-42.29
PDoorDash
LFood:Dining
CR
^
D08/07/2024
T-7.29
PPeet's Coffee
LFood:Coffee
CR
^
D08/08/2024
T-60.02
PThai Basil Restaurant
LFood:Dining
CR
^
D08/09/2024
T-76.76
PCostco
LFood:Groceries
CR
^
D08/09/2024
T-7.35
PStarbucks
LFood:Coffee
Cc
^
D08/10/2024
T-55.38
P76 Station
LTransportation:Gas
CR
^
D08/12/2024
T-4.23
PPeet's Coffee
LFood:Coffee
Cc
^
D08/12/2024
T-55.98
PREI
LEntertainment:Sports
CR
^
D08/13/2024
T-29.13
PPizza Hut
LFood:Dining
CR
^
D08/14/2024
T-81.56
PTrader Joe's
LFood:Groceries
CR
A456 Grocery Ave
ASan Francisco, CA 94103
^
D08/14/2024
T-34.02
PBest Buy
LEntertainment:Games
CR
^
D08/15/2024
T-23.58
PChipotle Mexican Grill
LFood:Dining
CR
^
D08/15/2024
T-4.03
PPeet's Coffee
LFood:Coffee
CR
^
D08/16/2024
T-7.93
PStarbucks
LFood:Coffee
CR
^
D08/16/2024
T-44.66
P76 Station
LTransportation:Gas
CR
^
D08/16/2024
T-156.16
PApple Store
LPersonal:Education
CR
^
D08/17/2024
T-165.06
PSafeway
LFood:Groceries
CR
^
D08/17/2024
T-20.91
PChipotle Mexican Grill
LFood:Dining
CR
^
D08/18/2024
T-129.70
PTarget
LFood:Groceries
CR
^
D08/18/2024
T-69.12
P76 Station
LTransportation:Gas
CR
^
D08/19/2024
T-75.93
PTarget
LFood:Groceries
^
D08/19/2024
T-7.09
PStarbucks
LFood:Coffee
CR
^
D08/20/2024
T-150.01
PCostco
LFood:Groceries
CR
^
D08/20/2024
T-15.96
PDoorDash
LFood:Dining
CR
^
D08/20/2024
T-7.60
PPeet's Coffee
LFood:Coffee
CR
^
D08/22/2024
T-5.93
PStarbucks
LFood:Coffee
CR
^
D08/22/2024
T-60.86
PShell
LTransportation:Gas
CR
^
D08/23/2024
T-124.32
PWhole Foods Market
LFood:Groceries
CR
A123 Market St
ASan Francisco, CA 94102
^
D08/23/2024
T-66.09
P76 Station
LTransportation:Gas
CR
^
D08/24/2024
T-64.34
PShell
LTransportation:Gas
CR
^
D08/24/2024
T-18.19
PUber
LTransportation:Rideshare
CR
^
D08/25/2024
T-103.20
PTarget
LFood:Groceries
CR
^
D08/25/2024
T-48.03
PDoorDash
LFood:Dining
CR
^
D08/26/2024
T-155.04
PCostco
LFood:Groceries
CR
^
D08/26/2024
T-31.83
PThai Basil Restaurant
LFood:Dining
CR
^
D08/26/2024
T-4.68
PPeet's Coffee
LFood:Coffee
CR
^
D08/27/2024
T-5.55
PStarbucks
LFood:Coffee
CR
^
D08/28/2024
T2251.20
PPayment from Checking
MPayment received
L[Primary Checking]
CR
^
D08/28/2024
T-87.35
PREI
LEntertainment:Sports
CR
^
D08/29/2024
T-60.43
PThai Basil Restaurant
LFood:Dining
CR
^
D08/29/2024
T-4.21
PStarbucks
LFood:Coffee
CR
^
D08/29/2024
T-189.78
PApple Store
LPersonal:Education
^
D08/30/2024
T-96.49
PCostco
MSplit purchase - groceries and household
CR
SFood:Groceries
$-67.54
SHousing:Maintenance
$-28.95
^
D08/30/2024
T-43.79
PUber Eats
LFood:Dining
CR
^
D08/30/2024
T-4.99
PStarbucks
LFood:Coffee
CR
^
D08/31/2024
T-140.37
PCostco
LFood:Groceries
CR
^
D09/01/2024
T-47.93
PCostco
LFood:Groceries
CR
^
D09/02/2024
T-151.04
PSafeway
LFood:Groceries
CR
^
D09/02/2024
T-30.64
PChipotle Mexican Grill
LFood:Dining
CR
^
D09/04/2024
T-4.90
PStarbucks
LFood:Coffee
CR
^
D09/05/2024
T-178.87
PTrader Joe's
LFood:Groceries
CR
A456 Grocery Ave
ASan Francisco, CA 94103
^
D09/06/2024
T-33.81
PThai Basil Restaurant
LFood:Dining
CR
^
D09/06/2024
T-6.12
PPeet's Coffee
LFood:Coffee
CR
^
D09/07/2024
T-169.25
PSafeway
LFood:Groceries
CR
^
D09/07/2024
T-196.23
PREI
LEntertainment:Sports
CR
^
D09/08/2024
T-15.99
PNetflix
LUtilities:Streaming
CR
^
D09/08/2024
T-7.99
PDisney+
LUtilities:Streaming
CR
^
D09/08/2024
T-14.99
PAmazon
LPersonal:Subscriptions
CR
A410 Terry Ave N
ASeattle      , WA 98109
^
D09/08/2024
T-42.74
PChipotle Mexican Grill
LFood:Dining
^
D09/09/2024
T-10.99
PSpotify
LUtilities:Streaming
CR
^
D09/09/2024
T-23.62
PChipotle Mexican Grill
LFood:Dining
CR
^
D09/10/2024
T-61.92
PSafeway
LFood:Groceries
CR
^
D09/10/2024
T-73.13
PPizza Hut
LFood:Dining
CR
^
D09/10/2024
T-7.64
PPeet's Coffee
LFood:Coffee
CR
^
D09/11/2024
T-7.72
PPeet's Coffee
LFood:Coffee
CR
^
D09/12/2024
T-121.04
PTrader Joe's
LFood:Groceries
CR
A456 Grocery Ave
ASan Francisco, CA 94103
^
D09/13/2024
T-48.83
PWhole Foods Market
LFood:Groceries
CR
A123 Market St
ASan Francisco, CA 94102
^
D09/13/2024
T-5.90
PStarbucks
LFood:Coffee
CR
^
D09/14/2024
T-44.14
PUber Eats
LFood:Dining
CR
^
D09/15/2024
T-48.62
PWhole Foods Market
LFood:Groceries
CR
A123 Market St
ASan Francisco, CA 94102
^
D09/15/2024
T-67.60
PUber Eats
LFood:Dining
CR
^
D09/16/2024
T-76.46
PSafeway
LFood:Groceries
CR
^
D09/16/2024
T-38.52
PPizza Hut
LFood:Dining
Cc
^
D09/16/2024
T-7.20
PStarbucks
LFood:Coffee
CR
^
D09/17/2024
T-66.70
PChipotle Mexican Grill
LFood:Dining
CR
^
D09/17/2024
T-4.89
PPeet's Coffee
LFood:Coffee
CR
^
D09/18/2024
T-73.59
PThai Basil Restaurant
LFood:Dining
^
D09/19/2024
T-50.05
PPizza Hut
LFood:Dining
CR
^
D09/20/2024
T-41.34
PChipotle Mexican Grill
LFood:Dining
CR
^
D09/20/2024
T-6.63
PPeet's Coffee
LFood:Coffee
CR
^
D09/21/2024
T-150.63
PSafeway
LFood:Groceries
CR
^
D09/21/2024
T-50.09
PUber Eats
LFood:Dining
CR
^
D09/23/2024
T-93.01
PTrader Joe's
LFood:Groceries
CR
A456 Grocery Ave
ASan Francisco, CA 94103
^
D09/24/2024
T-102.06
PWhole Foods Market
LFood:Groceries
CR
A123 Market St
ASan Francisco, CA 94102
^
D09/24/2024
T-44.85
PPizza Hut
LFood:Dining
CR
^
D09/24/2024
T-5.17
PPeet's Coffee
LFood:Coffee
CR
^
D09/24/2024
T-115.04
PApple Store
LPersonal:Education
CR
^
D09/25/2024
T-39.48
PDoorDash
LFood:Dining
CR
^
D09/25/2024
T-7.58
PPeet's Coffee
LFood:Coffee
Cc
^
D09/26/2024
T-50.39
PDoorDash
LFood:Dining
CR
^
D09/26/2024
T-5.12
PStarbucks
LFood:Coffee
CR
^
D09/27/2024
T-71.33
PThai Basil Restaurant
LFood:Dining
CR
^
D09/27/2024
T-5.08
PPeet's Coffee
LFood:Coffee
CR
^
D09/28/2024
T1564.89
PPayment from Checking
MPayment received
L[Primary Checking]
CR
^
D09/29/2024
T-31.66
PPizza Hut
LFood:Dining
CR
^
D09/30/2024
T-5.23
PPeet's Coffee
LFood:Coffee
CR
^
D10/01/2024
T-38.06
PThai Basil Restaurant
LFood:Dining
CR
^
D10/01/2024
T-6.01
PStarbucks
LFood:Coffee
CR
^
D10/02/2024
T-7.02
PStarbucks
LFood:Coffee
CR
^
D10/03/2024
T-55.92
PPizza Hut
LFood:Dining
CR
^
D10/03/2024
T-42.86
PChevron
LTransportation:Gas
CR
^
D10/05/2024
T-15.99
PNetflix
LUtilities:Streaming
CR
^
D10/05/2024
T-10.99
PSpotify
LUtilities:Streaming
CR
^
D10/05/2024
T-7.99
PDisney+
LUtilities:Streaming
CR
^
D10/05/2024
T-34.39
PLyft
LTransportation:Rideshare
CR
^
D10/06/2024
T-24.90
PUber Eats
LFood:Dining
CR
^
D10/07/2024
T-63.01
PTrader Joe's
LFood:Groceries
CR
A456 Grocery Ave
ASan Francisco, CA 94103
^
D10/07/2024
T-15.97
PPizza Hut
LFood:Dining
CR
^
D10/07/2024
T-4.32
PPeet's Coffee
LFood:Coffee
CR
^
D10/07/2024
T-198.33
PREI
LEntertainment:Sports
CR
^
D10/08/2024
T-19.78
PChipotle Mexican Grill
LFood:Dining
CR
^
D10/08/2024
T-4.89
PStarbucks
LFood:Coffee
^
D10/09/2024
T-14.99
PAmazon
LPersonal:Subscriptions
CR
A410 Terry Ave N
ASeattle      , WA 98109
^
D10/09/2024
T-4.75
PPeet's Coffee
LFood:Coffee
CR
^
D10/10/2024
T-66.95
PThai Basil Restaurant
LFood:Dining
CR
^
D10/10/2024
T-171.99
PNordstrom
LPersonal:Clothing
CR
^
D10/11/2024
T-63.00
PDoorDash
LFood:Dining
CR
^
D10/11/2024
T-5.73
PStarbucks
LFood:Coffee
CR
^
D10/12/2024
T-32.21
PChipotle Mexican Grill
LFood:Dining
CR
^
D10/12/2024
T-33.04
PUber
LTransportation:Rideshare
CR
^
D10/13/2024
T-104.03
PSafeway
LFood:Groceries
CR
^
D10/13/2024
T-70.01
PDoorDash
LFood:Dining
CR
^
D10/13/2024
T-74.48
PChevron
LTransportation:Gas
CR
^
D10/14/2024
T-57.55
PChipotle Mexican Grill
LFood:Dining
CR
^
D10/14/2024
T-4.01
PStarbucks
LFood:Coffee
CR
^
D10/15/2024
T-155.53
PTarget
LFood:Groceries
CR
^
D10/16/2024
T-110.40
PSafeway
LFood:Groceries
CR
^
D10/16/2024
T-4.02
PStarbucks
LFood:Coffee
CR
^
D10/17/2024
T-6.97
PStarbucks
LFood:Coffee
CR
^
D10/17/2024
T-49.57
PShell
LTransportation:Gas
CR
^
D10/18/2024
T-36.09
PChipotle Mexican Grill
LFood:Dining
CR
^
D10/18/2024
T-6.05
PPeet's Coffee
LFood:Coffee
CR
^
D10/20/2024
T-30.50
PLyft
LTransportation:Rideshare
Cc
^
D10/21/2024
T-16.43
PChipotle Mexican Grill
LFood:Dining
CR
^
D10/21/2024
T-5.50
PPeet's Coffee
LFood:Coffee
CR
^
D10/22/2024
T-7.74
PPeet's Coffee
LFood:Coffee
^
D10/22/2024
T-52.09
PShell
LTransportation:Gas
CR
^
D10/23/2024
T-16.68
PUber Eats
LFood:Dining
CR
^
D10/23/2024
T-4.20
PStarbucks
LFood:Coffee
CR
^
D10/24/2024
T-129.91
PSafeway
LFood:Groceries
CR
^
D10/25/2024
T-102.37
PTrader Joe's
LFood:Groceries
CR
A456 Grocery Ave
ASan Francisco, CA 94103
^
D10/25/2024
T-6.42
PPeet's Coffee
LFood:Coffee
CR
^
D10/25/2024
T-40.48
PShell
LTransportation:Gas
CR
^
D10/28/2024
T1763.71
PPayment from Checking
MPayment received
L[Primary Checking]
CR
^
D10/28/2024
T-71.91
PSafeway
LFood:Groceries
^
D10/28/2024
T-21.05
PChipotle Mexican Grill
LFood:Dining
CR
^
D10/28/2024
T-4.89
PStarbucks
LFood:Coffee
CR
^
D10/31/2024
T-74.63
PChipotle Mexican Grill
LFood:Dining
CR
^
D10/31/2024
T-6.13
PPeet's Coffee
LFood:Coffee
CR
^
D10/31/2024
T-45.05
P76 Station
LTransportation:Gas
Cc
^
D11/01/2024
T-4.39
PPeet's Coffee
LFood:Coffee
CR
^
D11/02/2024
T-67.63
PShell
LTransportation:Gas
CR
^
D11/03/2024
T-93.82
PSafeway
LFood:Groceries
CR
^
D11/04/2024
T-25.22
PThai Basil Restaurant
LFood:Dining
CR
^
D11/05/2024
T-111.79
PBest Buy
LEntertainment:Games
CR
^
D11/06/2024
T-10.99
PSpotify
LUtilities:Streaming
CR
^
D11/06/2024
T-36.01
PUber Eats
LFood:Dining
CR
^
D11/06/2024
T-7.09
PStarbucks
LFood:Coffee
CR
^
D11/07/2024
T-5.30
PStarbucks
LFood:Coffee
CR
^
D11/08/2024
T-15.99
PNetflix
LUtilities:Streaming
CR
^
D11/08/2024
T-47.34
PTrader Joe's
LFood:Groceries
CR
A456 Grocery Ave
ASan Francisco, CA 94103
^
D11/08/2024
T-7.96
PStarbucks
LFood:Coffee
CR
^
D11/09/2024
T-7.99
PDisney+
LUtilities:Streaming
CR
^
D11/09/2024
T-14.99
PAmazon
LPersonal:Subscriptions
CR
A410 Terry Ave N
ASeattle      , WA 98109
^
D11/10/2024
T-20.94
PPizza Hut
LFood:Dining
CR
^
D11/11/2024
T-46.78
PChipotle Mexican Grill
LFood:Dining
CR
^
D11/11/2024
T-5.08
PStarbucks
LFood:Coffee
CR
^
D11/12/2024
T-63.56
PWhole Foods Market
LFood:Groceries
CR
A123 Market St
ASan Francisco, CA 94102
^
D11/12/2024
T-55.40
PChipotle Mexican Grill
LFood:Dining
CR
^
D11/13/2024
T-27.70
PChipotle Mexican Grill
LFood:Dining
CR
^
D11/13/2024
T-84.50
PBest Buy
LEntertainment:Games
CR
^
D11/14/2024
T-6.39
PPeet's Coffee
LFood:Coffee
CR
^
D11/15/2024
T-62.80
PUber Eats
LFood:Dining
CR
^
D11/15/2024
T-6.01
PPeet's Coffee
LFood:Coffee
CR
^
D11/16/2024
T-85.17
PCVS Pharmacy
MMedical expense
LHealthcare:Pharmacy
CR
^
D11/16/2024
T-47.56
PTrader Joe's
LFood:Groceries
CR
A456 Grocery Ave
ASan Francisco, CA 94103
^
D11/16/2024
T-39.08
PDoorDash
LFood:Dining
CR
^
D11/16/2024
T-74.29
PShell
LTransportation:Gas
CR
^
D11/17/2024
T-40.32
PChevron
LTransportation:Gas
CR
^
D11/18/2024
T-177.58
PCostco
LFood:Groceries
CR
^
D11/18/2024
T-36.88
PThai Basil Restaurant
LFood:Dining
CR
^
D11/18/2024
T-4.57
PPeet's Coffee
LFood:Coffee
CR
^
D11/20/2024
T-177.66
PSafeway
LFood:Groceries
CR
^
D11/20/2024
T-18.94
PDoorDash
LFood:Dining
CR
^
D11/20/2024
T-6.91
PPeet's Coffee
LFood:Coffee
CR
^
D11/21/2024
T-60.20
P76 Station
LTransportation:Gas
CR
^
D11/21/2024
T-148.67
PBest Buy
LEntertainment:Games
CR
^
D11/22/2024
T-4.53
PPeet's Coffee
LFood:Coffee
CR
^
D11/22/2024
T-42.54
PShell
LTransportation:Gas
CR
^
D11/24/2024
T-74.78
PDoorDash
LFood:Dining
CR
^
D11/24/2024
T-31.09
PUber
LTransportation:Rideshare
CR
^
D11/25/2024
T-47.01
PChevron
LTransportation:Gas
^
D11/25/2024
T-154.71
PBest Buy
LEntertainment:Games
CR
^
D11/26/2024
T-71.85
PTarget
LFood:Groceries
CR
^
D11/26/2024
T-4.10
PPeet's Coffee
LFood:Coffee
CR
^
D11/27/2024
T-44.07
PTrader Joe's
LFood:Groceries
CR
A456 Grocery Ave
ASan Francisco, CA 94103
^
D11/27/2024
T-5.89
PPeet's Coffee
LFood:Coffee
CR
^
D11/27/2024
T-66.98
P76 Station
LTransportation:Gas
CR
^
D11/28/2024
T3258.81
PPayment from Checking
MPayment received
L[Primary Checking]
CR
^
D11/28/2024
T-36.63
PShell
LTransportation:Gas
CR
^
D11/28/2024
T-143.96
PApple Store
LPersonal:Education
CR
^
D11/29/2024
T-7.24
PStarbucks
LFood:Coffee
CR
^
D11/29/2024
T-74.14
PNordstrom
LPersonal:Clothing
CR
^
D11/30/2024
T-28.67
PLyft
LTransportation:Rideshare
CR
^
D12/02/2024
T-45.26
PThai Basil Restaurant
LFood:Dining
CR
^
D12/03/2024
T-82.16
PSafeway
LFood:Groceries
CR
^
D12/03/2024
T-61.83
PThai Basil Restaurant
LFood:Dining
Cc
^
D12/04/2024
T-6.38
PStarbucks
LFood:Coffee
Cc
^
D12/05/2024
T-14.99
PAmazon
LPersonal:Subscriptions
CR
A410 Terry Ave N
ASeattle      , WA 98109
^
D12/05/2024
T-61.80
PPizza Hut
LFood:Dining
CR
^
D12/05/2024
T-7.82
PPeet's Coffee
LFood:Coffee
CR
^
D12/06/2024
T-10.99
PSpotify
LUtilities:Streaming
CR
^
D12/06/2024
T-56.44
PPizza Hut
LFood:Dining
CR
^
D12/06/2024
T-7.60
PPeet's Coffee
LFood:Coffee
CR
^
D12/07/2024
T-15.99
PNetflix
LUtilities:Streaming
CR
^
D12/07/2024
T-38.52
PThai Basil Restaurant
LFood:Dining
CR
^
D12/09/2024
T-7.99
PDisney+
LUtilities:Streaming
CR
^
D12/09/2024
T-5.81
PStarbucks
LFood:Coffee
CR
^
D12/10/2024
T-7.14
PPeet's Coffee
LFood:Coffee
CR
^
D12/10/2024
T-61.16
PREI
LEntertainment:Sports
CR
^
D12/11/2024
T-164.11
PSafeway
LFood:Groceries
CR
^
D12/11/2024
T-54.47
PPizza Hut
LFood:Dining
CR
^
D12/11/2024
T-6.23
PPeet's Coffee
LFood:Coffee
CR
^
D12/12/2024
T-15.22
PDoorDash
LFood:Dining
CR
^
D12/12/2024
T-6.09
PStarbucks
LFood:Coffee
CR
^
D12/13/2024
T-83.94
PSafeway
MSplit purchase - groceries and household
CR
SFood:Groceries
$-58.76
SHousing:Maintenance
$-25.18
^
D12/13/2024
T-37.31
PChevron
LTransportation:Gas
CR
^
D12/14/2024
T-17.44
PThai Basil Restaurant
LFood:Dining
CR
^
D12/15/2024
T-48.06
PChipotle Mexican Grill
LFood:Dining
CR
^
D12/15/2024
T-58.75
PShell
LTransportation:Gas
^
D12/16/2024
T-69.35
PShell
LTransportation:Gas
CR
^
D12/17/2024
T-26.15
PThai Basil Restaurant
LFood:Dining
^
D12/17/2024
T-4.19
PStarbucks
LFood:Coffee
CR
^
D12/17/2024
T-42.44
PShell
LTransportation:Gas
CR
^
D12/18/2024
T-5.56
PPeet's Coffee
LFood:Coffee
CR
^
D12/19/2024
T-102.64
PCostco
LFood:Groceries
CR
^
D12/19/2024
T-61.96
PShell
LTransportation:Gas
^
D12/20/2024
T-292.35
PSouthwest Airlines
MHoliday travel
LTravel:Flights
CR
^
D12/20/2024
T-5.79
PStarbucks
LFood:Coffee
CR
^
D12/21/2024
T-25.71
PDoorDash
LFood:Dining
CR
^
D12/21/2024
T-48.95
P76 Station
LTransportation:Gas
CR
^
D12/22/2024
T-50.39
PCostco
LFood:Groceries
CR
^
D12/22/2024
T-48.18
P76 Station
LTransportation:Gas
CR
^
D12/22/2024
T-184.88
PApple Store
LPersonal:Education
CR
^
D12/23/2024
T-58.60
P76 Station
LTransportation:Gas
CR
^
D12/24/2024
T-66.17
PWalgreens
MMedical expense
LHealthcare:Pharmacy
CR
^
D12/24/2024
T-4.51
PPeet's Coffee
LFood:Coffee
CR
^
D12/25/2024
T-157.68
PTrader Joe's
LFood:Groceries
CR
A456 Grocery Ave
ASan Francisco, CA 94103
^
D12/25/2024
T-57.87
PPizza Hut
LFood:Dining
CR
^
D12/25/2024
T-6.58
PPeet's Coffee
LFood:Coffee
CR
^
D12/26/2024
T-74.52
PThai Basil Restaurant
LFood:Dining
CR
^
D12/26/2024
T-4.06
PPeet's Coffee
LFood:Coffee
Cc
^
D12/26/2024
T-118.31
PNordstrom
LPersonal:Clothing
CR
^
D12/27/2024
T-55.75
PThai Basil Restaurant
LFood:Dining
CR
^
D12/27/2024
T-5.77
PPeet's Coffee
LFood:Coffee
CR
^
D12/28/2024
T1943.15
PPayment from Checking
MPayment received
L[Primary Checking]
CR
^
D12/28/2024
T-53.47
PDoorDash
LFood:Dining
CR
^
D12/28/2024
T-35.02
PShell
LTransportation:Gas
CR
^
D12/28/2024
T-40.93
PLyft
LTransportation:Rideshare
CR
^
D12/29/2024
T-58.04
P76 Station
LTransportation:Gas
CR
^
D12/30/2024
T-117.43
PCostco
MSplit purchase - groceries and household
CR
SFood:Groceries
$-82.20
SHousing:Maintenance
$-35.23
^
D12/30/2024
T-6.01
PPeet's Coffee
LFood:Coffee
CR
^
D12/31/2024
T-82.78
PBest Buy
LEntertainment:Games
CR
^
D01/01/2025
T-94.43
PTrader Joe's
LFood:Groceries
CR
A456 Grocery Ave
ASan Francisco, CA 94103
^
D01/01/2025
T-6.86
PPeet's Coffee
LFood:Coffee
CR
^
D01/02/2025
T-70.79
PPizza Hut
LFood:Dining
CR
^
D01/02/2025
T-5.00
PStarbucks
LFood:Coffee
CR
^
D01/03/2025
T-4.65
PStarbucks
LFood:Coffee
CR
^
D01/04/2025
T-22.87
PPizza Hut
LFood:Dining
CR
^
D01/04/2025
T-15.87
PLyft
LTransportation:Rideshare
^
D01/05/2025
T-41.91
PNordstrom
LPersonal:Clothing
CR
^
D01/06/2025
T-57.01
PThai Basil Restaurant
LFood:Dining
CR
^
D01/06/2025
T-6.96
PPeet's Coffee
LFood:Coffee
CR
^
D01/07/2025
T-64.02
PCostco
LFood:Groceries
CR
^
D01/07/2025
T-26.32
PDoorDash
LFood:Dining
CR
^
D01/07/2025
T-36.43
PChevron
LTransportation:Gas
CR
^
D01/08/2025
T-10.99
PSpotify
LUtilities:Streaming
CR
^
D01/08/2025
T-7.99
PDisney+
LUtilities:Streaming
CR
^
D01/08/2025
T-48.70
PUber Eats
LFood:Dining
CR
^
D01/09/2025
T-15.99
PNetflix
LUtilities:Streaming
CR
^
D01/09/2025
T-14.99
PAmazon
LPersonal:Subscriptions
CR
A410 Terry Ave N
ASeattle      , WA 98109
^
D01/10/2025
T-101.57
PCostco
LFood:Groceries
CR
^
D01/10/2025
T-7.23
PStarbucks
LFood:Coffee
^
D01/11/2025
T-34.85
PPizza Hut
LFood:Dining
Cc
^
D01/11/2025
T-42.65
PUber
LTransportation:Rideshare
CR
^
D01/12/2025
T-61.34
PPizza Hut
LFood:Dining
CR
^
D01/13/2025
T-58.14
PTarget
LFood:Groceries
^
D01/14/2025
T-72.71
PTarget
LFood:Groceries
CR
^
D01/14/2025
T-60.84
PUber Eats
LFood:Dining
CR
^
D01/15/2025
T-12.01
PDoorDash
LFood:Dining
Cc
^
D01/15/2025
T-5.03
PPeet's Coffee
LFood:Coffee
CR
^
D01/16/2025
T-4.08
PPeet's Coffee
LFood:Coffee
CR
^
D01/17/2025
T-5.01
PPeet's Coffee
LFood:Coffee
CR
^
D01/18/2025
T-134.11
PCostco
LFood:Groceries
CR
^
D01/19/2025
T-12.83
PUber Eats
LFood:Dining
CR
^
D01/21/2025
T-4.31
PPeet's Coffee
LFood:Coffee
CR
^
D01/21/2025
T-61.41
PChevron
LTransportation:Gas
CR
^
D01/22/2025
T-42.34
PPizza Hut
LFood:Dining
CR
^
D01/22/2025
T-5.56
PStarbucks
LFood:Coffee
CR
^
D01/22/2025
T-112.45
PREI
LEntertainment:Sports
CR
^
D01/23/2025
T-6.22
PStarbucks
LFood:Coffee
CR
^
D01/23/2025
T-48.29
PShell
LTransportation:Gas
CR
^
D01/24/2025
T-20.68
PThai Basil Restaurant
LFood:Dining
CR
^
D01/24/2025
T-6.43
PStarbucks
LFood:Coffee
CR
^
D01/25/2025
T-144.70
PTarget
MSplit purchase - groceries and household
CR
SFood:Groceries
$-101.29
SHousing:Maintenance
$-43.41
^
D01/25/2025
T-38.87
PUber
LTransportation:Rideshare
CR
^
D01/26/2025
T-87.67
PSafeway
LFood:Groceries
CR
^
D01/26/2025
T-66.27
P76 Station
LTransportation:Gas
CR
^
D01/26/2025
T-39.49
PLyft
LTransportation:Rideshare
CR
^
D01/27/2025
T-74.59
PPizza Hut
LFood:Dining
CR
^
D01/28/2025
T3296.30
PPayment from Checking
MPayment received
L[Primary Checking]
CR
^
D01/28/2025
T-22.69
PPizza Hut
LFood:Dining
CR
^
D01/29/2025
T-82.52
PCostco
LFood:Groceries
CR
^
D01/29/2025
T-7.87
PPeet's Coffee
LFood:Coffee
CR
^
D01/30/2025
T-49.02
PCostco
LFood:Groceries
^
D01/30/2025
T-6.88
PPeet's Coffee
LFood:Coffee
CR
^
D02/01/2025
T-92.39
PCostco
LFood:Groceries
CR
^
D02/02/2025
T-30.09
PCVS Pharmacy
MMedical expense
LHealthcare:Pharmacy
CR
^
D02/04/2025
T-14.06
PPizza Hut
LFood:Dining
CR
^
D02/05/2025
T-90.51
PSafeway
LFood:Groceries
CR
^
D02/05/2025
T-54.36
P76 Station
LTransportation:Gas
Cc
^
D02/06/2025
T-53.19
PUber Eats
LFood:Dining
CR
^
D02/06/2025
T-7.24
PStarbucks
LFood:Coffee
Cc
^
D02/06/2025
T-72.69
PChevron
LTransportation:Gas
CR
^
D02/07/2025
T-15.99
PNetflix
LUtilities:Streaming
CR
^
D02/07/2025
T-10.99
PSpotify
LUtilities:Streaming
CR
^
D02/07/2025
T-7.99
PDisney+
LUtilities:Streaming
CR
^
D02/07/2025
T-23.82
PThai Basil Restaurant
LFood:Dining
CR
^
D02/08/2025
T-14.99
PAmazon
LPersonal:Subscriptions
CR
A410 Terry Ave N
ASeattle      , WA 98109
^
D02/08/2025
T-28.55
PUber
LTransportation:Rideshare
CR
^
D02/09/2025
T-168.99
PSafeway
LFood:Groceries
CR
^
D02/09/2025
T-56.59
PThai Basil Restaurant
LFood:Dining
CR
^
D02/11/2025
T-7.23
PPeet's Coffee
LFood:Coffee
CR
^
D02/11/2025
T-38.25
P76 Station
LTransportation:Gas
CR
^
D02/12/2025
T-5.27
PPeet's Coffee
LFood:Coffee
CR
^
D02/12/2025
T-69.81
PNordstrom
LPersonal:Clothing
CR
^
D02/13/2025
T-45.90
PChevron
LTransportation:Gas
CR
^
D02/14/2025
T-60.74
PThai Basil Restaurant
LFood:Dining
CR
^
D02/14/2025
T-5.31
PStarbucks
LFood:Coffee
CR
^
D02/15/2025
T-44.01
PCostco
LFood:Groceries
^
D02/16/2025
T-38.35
PUber
LTransportation:Rideshare
Cc
^
D02/17/2025
T-7.26
PPeet's Coffee
LFood:Coffee
CR
^
D02/17/2025
T-199.62
PApple Store
LPersonal:Education
CR
^
D02/18/2025
T-48.69
PUber Eats
LFood:Dining
CR
^
D02/18/2025
T-4.38
PStarbucks
LFood:Coffee
Cc
^
D02/19/2025
T-56.02
PChevron
LTransportation:Gas
CR
^
D02/20/2025
T-7.44
PPeet's Coffee
LFood:Coffee
CR
^
D02/20/2025
T-39.04
PChevron
LTransportation:Gas
CR
^
D02/21/2025
T-4.62
PPeet's Coffee
LFood:Coffee
CR
^
D02/23/2025
T-42.17
PTrader Joe's
LFood:Groceries
CR
A456 Grocery Ave
ASan Francisco, CA 94103
^
D02/24/2025
T-58.37
PSafeway
LFood:Groceries
CR
^
D02/24/2025
T-50.80
PChipotle Mexican Grill
LFood:Dining
CR
^
D02/25/2025
T-95.28
PSafeway
LFood:Groceries
CR
^
D02/25/2025
T-32.90
PPizza Hut
LFood:Dining
CR
^
D02/25/2025
T-7.95
PPeet's Coffee
LFood:Coffee
CR
^
D02/26/2025
T-22.79
PPizza Hut
LFood:Dining
CR
^
D02/26/2025
T-7.15
PPeet's Coffee
LFood:Coffee
CR
^
D02/27/2025
T-56.08
PDoorDash
LFood:Dining
CR
^
D02/27/2025
T-6.98
PStarbucks
LFood:Coffee
CR
^
D02/27/2025
T-39.33
PChevron
LTransportation:Gas
CR
^
D02/28/2025
T2251.72
PPayment from Checking
MPayment received
L[Primary Checking]
CR
^
D02/28/2025
T-4.60
PStarbucks
LFood:Coffee
CR
^
D03/01/2025
T-145.83
PWhole Foods Market
LFood:Groceries
CR
A123 Market St
ASan Francisco, CA 94102
^
D03/01/2025
T-65.08
PUber Eats
LFood:Dining
CR
^
D03/02/2025
T-117.62
PWhole Foods Market
MSplit purchase - groceries and household
CR
A123 Market St
ASan Francisco, CA 94102
SFood:Groceries
$-82.33
SHousing:Maintenance
$-35.29
^
D03/02/2025
T-68.77
PDoorDash
LFood:Dining
Cc
^
D03/02/2025
T-34.48
PLyft
LTransportation:Rideshare
CR
^
D03/03/2025
T-4.92
PPeet's Coffee
LFood:Coffee
CR
^
D03/04/2025
T-7.60
PPeet's Coffee
LFood:Coffee
Cc
^
D03/05/2025
T-143.69
PTrader Joe's
LFood:Groceries
CR
A456 Grocery Ave
ASan Francisco, CA 94103
^
D03/05/2025
T-35.84
PChipotle Mexican Grill
LFood:Dining
^
D03/05/2025
T-56.33
P76 Station
LTransportation:Gas
^
D03/06/2025
T-30.22
PThai Basil Restaurant
LFood:Dining
CR
^
D03/06/2025
T-39.11
PApple Store
LPersonal:Education
Cc
^
D03/07/2025
T-6.36
PPeet's Coffee
LFood:Coffee
CR
^
D03/08/2025
T-15.99
PNetflix
LUtilities:Streaming
CR
^
D03/08/2025
T-10.99
PSpotify
LUtilities:Streaming
CR
^
D03/08/2025
T-14.99
PAmazon
LPersonal:Subscriptions
CR
A410 Terry Ave N
ASeattle      , WA 98109
^
D03/08/2025
T-20.15
PDoorDash
LFood:Dining
CR
^
D03/09/2025
T-7.99
PDisney+
LUtilities:Streaming
CR
^
D03/09/2025
T-54.93
PDoorDash
LFood:Dining
^
D03/10/2025
T-54.85
PTarget
LFood:Groceries
CR
^
D03/10/2025
T-51.78
PChipotle Mexican Grill
LFood:Dining
CR
^
D03/10/2025
T-5.58
PPeet's Coffee
LFood:Coffee
Cc
^
D03/11/2025
T-117.37
PSafeway
LFood:Groceries
CR
^
D03/11/2025
T-43.29
PShell
LTransportation:Gas
^
D03/12/2025
T-16.69
PChipotle Mexican Grill
LFood:Dining
CR
^
D03/12/2025
T-6.33
PPeet's Coffee
LFood:Coffee
CR
^
D03/13/2025
T-70.52
PSafeway
LFood:Groceries
CR
^
D03/13/2025
T-72.07
PChipotle Mexican Grill
LFood:Dining
CR
^
D03/13/2025
T-7.52
PStarbucks
LFood:Coffee
CR
^
D03/14/2025
T-175.44
PCostco
LFood:Groceries
CR
^
D03/14/2025
T-7.71
PStarbucks
LFood:Coffee
CR
^
D03/15/2025
T-19.74
PPizza Hut
LFood:Dining
CR
^
D03/15/2025
T-15.68
PUber
LTransportation:Rideshare
CR
^
D03/16/2025
T-35.37
PUber Eats
LFood:Dining
CR
^
D03/16/2025
T-36.07
PUber
LTransportation:Rideshare
CR
^
D03/17/2025
T-58.40
PChipotle Mexican Grill
LFood:Dining
CR
^
D03/17/2025
T-5.94
PStarbucks
LFood:Coffee
CR
^
D03/18/2025
T-118.82
PSafeway
MSplit purchase - groceries and household
CR
SFood:Groceries
$-83.17
SHousing:Maintenance
$-35.65
^
D03/18/2025
T-139.36
PTrader Joe's
LFood:Groceries
CR
A456 Grocery Ave
ASan Francisco, CA 94103
^
D03/18/2025
T-47.53
PUber Eats
LFood:Dining
CR
^
D03/21/2025
T-55.40
PThai Basil Restaurant
LFood:Dining
^
D03/21/2025
T-4.65
PPeet's Coffee
LFood:Coffee
Cc
^
D03/22/2025
T-17.14
PUber
LTransportation:Rideshare
CR
^
D03/23/2025
T-82.26
PCostco
LFood:Groceries
CR
^
D03/23/2025
T-42.03
PLyft
LTransportation:Rideshare
CR
^
D03/24/2025
T-28.54
PChipotle Mexican Grill
LFood:Dining
CR
^
D03/25/2025
T-4.31
PPeet's Coffee
LFood:Coffee
CR
^
D03/25/2025
T-155.29
PBest Buy
LEntertainment:Games
CR
^
D03/26/2025
T-5.44
PPeet's Coffee
LFood:Coffee
CR
^
D03/26/2025
T-37.65
PChevron
LTransportation:Gas
CR
^
D03/28/2025
T1980.81
PPayment from Checking
MPayment received
L[Primary Checking]
CR
^
D03/28/2025
T-64.62
PTarget
LFood:Groceries
CR
^
D03/28/2025
T-17.05
PThai Basil Restaurant
LFood:Dining
CR
^
D03/29/2025
T-43.47
PTrader Joe's
LFood:Groceries
CR
A456 Grocery Ave
ASan Francisco, CA 94103
^
D03/29/2025
T-72.82
PPizza Hut
LFood:Dining
Cc
^
D03/30/2025
T-178.36
PTarget
LFood:Groceries
CR
^
D03/31/2025
T-73.69
PDoorDash
LFood:Dining
CR
^
D04/01/2025
T-69.92
PThai Basil Restaurant
LFood:Dining
CR
^
D04/01/2025
T-5.83
PStarbucks
LFood:Coffee
CR
^
D04/02/2025
T-53.59
P76 Station
LTransportation:Gas
CR
^
D04/03/2025
T-31.97
PUber Eats
LFood:Dining
CR
^
D04/03/2025
T-7.33
PStarbucks
LFood:Coffee
CR
^
D04/04/2025
T-143.15
PTarget
LFood:Groceries
CR
^
D04/04/2025
T-7.48
PStarbucks
LFood:Coffee
CR
^
D04/04/2025
T-65.78
PChevron
LTransportation:Gas
CR
^
D04/05/2025
T-14.99
PAmazon
LPersonal:Subscriptions
CR
A410 Terry Ave N
ASeattle      , WA 98109
^
D04/05/2025
T-66.26
PWhole Foods Market
LFood:Groceries
CR
A123 Market St
ASan Francisco, CA 94102
^
D04/05/2025
T-55.56
PUber Eats
LFood:Dining
CR
^
D04/06/2025
T-43.52
PUber
LTransportation:Rideshare
CR
^
D04/07/2025
T-17.87
PDoorDash
LFood:Dining
CR
^
D04/07/2025
T-4.49
PPeet's Coffee
LFood:Coffee
CR
^
D04/08/2025
T-15.99
PNetflix
LUtilities:Streaming
CR
^
D04/08/2025
T-145.75
PTarget
LFood:Groceries
CR
^
D04/08/2025
T-71.35
PPizza Hut
LFood:Dining
Cc
^
D04/08/2025
T-6.02
PStarbucks
LFood:Coffee
CR
^
D04/09/2025
T-10.99
PSpotify
LUtilities:Streaming
CR
^
D04/09/2025
T-7.99
PDisney+
LUtilities:Streaming
CR
^
D04/09/2025
T-122.63
PTarget
LFood:Groceries
CR
^
D04/09/2025
T-51.78
PThai Basil Restaurant
LFood:Dining
CR
^
D04/09/2025
T-5.58
PPeet's Coffee
LFood:Coffee
CR
^
D04/10/2025
T-72.63
PPizza Hut
LFood:Dining
CR
^
D04/10/2025
T-53.34
P76 Station
LTransportation:Gas
CR
^
D04/11/2025
T-6.12
PPeet's Coffee
LFood:Coffee
CR
^
D04/11/2025
T-43.07
P76 Station
LTransportation:Gas
CR
^
D04/12/2025
T-67.74
PUber Eats
LFood:Dining
CR
^
D04/12/2025
T-19.24
PUber
LTransportation:Rideshare
CR
^
D04/13/2025
T-86.01
PSafeway
LFood:Groceries
CR
^
D04/13/2025
T-43.46
PPizza Hut
LFood:Dining
CR
^
D04/14/2025
T-40.60
PWhole Foods Market
LFood:Groceries
CR
A123 Market St
ASan Francisco, CA 94102
^
D04/14/2025
T-24.12
PChipotle Mexican Grill
LFood:Dining
CR
^
D04/14/2025
T-38.02
PShell
LTransportation:Gas
CR
^
D04/15/2025
T-12.73
PPizza Hut
LFood:Dining
CR
^
D04/15/2025
T-5.27
PStarbucks
LFood:Coffee
CR
^
D04/16/2025
T-13.55
PDoorDash
LFood:Dining
CR
^
D04/16/2025
T-72.53
P76 Station
LTransportation:Gas
CR
^
D04/17/2025
T-8.00
PStarbucks
LFood:Coffee
CR
^
D04/18/2025
T-7.10
PStarbucks
LFood:Coffee
^
D04/19/2025
T-88.29
PCostco
LFood:Groceries
CR
^
D04/19/2025
T-34.69
PPizza Hut
LFood:Dining
CR
^
D04/19/2025
T-29.84
PLyft
LTransportation:Rideshare
CR
^
D04/20/2025
T-37.57
PUber Eats
LFood:Dining
CR
^
D04/20/2025
T-43.38
PLyft
LTransportation:Rideshare
CR
^
D04/20/2025
T-40.64
PApple Store
LPersonal:Education
CR
^
D04/21/2025
T-5.79
PStarbucks
LFood:Coffee
CR
^
D04/22/2025
T-103.42
PSafeway
LFood:Groceries
CR
^
D04/22/2025
T-5.57
PStarbucks
LFood:Coffee
CR
^
D04/23/2025
T-102.03
PCostco
LFood:Groceries
CR
^
D04/23/2025
T-25.93
PThai Basil Restaurant
LFood:Dining
CR
^
D04/23/2025
T-4.07
PStarbucks
LFood:Coffee
CR
^
D04/24/2025
T-39.35
PPizza Hut
LFood:Dining
CR
^
D04/25/2025
T-73.75
PThai Basil Restaurant
LFood:Dining
CR
^
D04/25/2025
T-4.14
PPeet's Coffee
LFood:Coffee
CR
^
D04/26/2025
T-54.63
PChevron
LTransportation:Gas
CR
^
D04/26/2025
T-24.39
PUber
LTransportation:Rideshare
CR
^
D04/28/2025
T2271.31
PPayment from Checking
MPayment received
L[Primary Checking]
CR
^
D04/28/2025
T-44.39
PDoorDash
LFood:Dining
CR
^
D04/29/2025
T-69.91
PThai Basil Restaurant
LFood:Dining
CR
^
D04/29/2025
T-4.40
PPeet's Coffee
LFood:Coffee
CR
^
D04/30/2025
T-47.27
PSafeway
LFood:Groceries
^
D04/30/2025
T-7.44
PStarbucks
LFood:Coffee
CR
^
D05/01/2025
T-18.11
PDoorDash
LFood:Dining
CR
^
D05/01/2025
T-4.54
PStarbucks
LFood:Coffee
CR
^
D05/02/2025
T-74.36
PPizza Hut
LFood:Dining
CR
^
D05/02/2025
T-5.24
PStarbucks
LFood:Coffee
Cc
^
D05/03/2025
T-72.49
PChipotle Mexican Grill
LFood:Dining
CR
^
D05/04/2025
T-14.21
PUber Eats
LFood:Dining
CR
^
D05/06/2025
T-10.99
PSpotify
LUtilities:Streaming
CR
^
D05/06/2025
T-61.40
PThai Basil Restaurant
LFood:Dining
^
D05/07/2025
T-14.99
PAmazon
LPersonal:Subscriptions
CR
A410 Terry Ave N
ASeattle      , WA 98109
^
D05/07/2025
T-27.67
PUber Eats
LFood:Dining
CR
^
D05/08/2025
T-15.99
PNetflix
LUtilities:Streaming
CR
^
D05/08/2025
T-7.50
PPeet's Coffee
LFood:Coffee
CR
^
D05/09/2025
T-7.99
PDisney+
LUtilities:Streaming
CR
^
D05/09/2025
T-119.75
PCostco
LFood:Groceries
CR
^
D05/09/2025
T-6.61
PStarbucks
LFood:Coffee
CR
^
D05/10/2025
T-38.56
PPizza Hut
LFood:Dining
CR
^
D05/10/2025
T-37.11
PLyft
LTransportation:Rideshare
CR
^
D05/11/2025
T-42.22
PChipotle Mexican Grill
LFood:Dining
CR
^
D05/11/2025
T-66.49
P76 Station
LTransportation:Gas
CR
^
D05/12/2025
T-4.25
PStarbucks
LFood:Coffee
CR
^
D05/12/2025
T-69.56
PChevron
LTransportation:Gas
CR
^
D05/13/2025
T-128.09
PCostco
LFood:Groceries
CR
^
D05/13/2025
T-30.02
PUber Eats
LFood:Dining
CR
^
D05/13/2025
T-6.00
PStarbucks
LFood:Coffee
CR
^
D05/14/2025
T-6.65
PPeet's Coffee
LFood:Coffee
CR
^
D05/14/2025
T-91.26
PBest Buy
LEntertainment:Games
CR
^
D05/15/2025
T-68.55
PTrader Joe's
LFood:Groceries
CR
A456 Grocery Ave
ASan Francisco, CA 94103
^
D05/15/2025
T-5.76
PPeet's Coffee
LFood:Coffee
CR
^
D05/16/2025
T-33.36
PPizza Hut
LFood:Dining
CR
^
D05/17/2025
T-44.96
PPizza Hut
LFood:Dining
CR
^
D05/17/2025
T-27.52
PLyft
LTransportation:Rideshare
CR
^
D05/18/2025
T-167.70
PWhole Foods Market
LFood:Groceries
CR
A123 Market St
ASan Francisco, CA 94102
^
D05/18/2025
T-65.67
PDoorDash
LFood:Dining
CR
^
D05/18/2025
T-24.91
PUber
LTransportation:Rideshare
CR
^
D05/19/2025
T-81.52
PWhole Foods Market
LFood:Groceries
CR
A123 Market St
ASan Francisco, CA 94102
^
D05/19/2025
T-4.93
PStarbucks
LFood:Coffee
CR
^
D05/20/2025
T-21.34
PPizza Hut
LFood:Dining
CR
^
D05/21/2025
T-17.21
PChipotle Mexican Grill
LFood:Dining
CR
^
D05/22/2025
T-7.83
PStarbucks
LFood:Coffee
CR
^
D05/22/2025
T-53.74
P76 Station
LTransportation:Gas
CR
^
D05/23/2025
T-92.73
PKaiser Permanente
MMedical expense
LHealthcare:Doctor
CR
^
D05/23/2025
T-6.24
PPeet's Coffee
LFood:Coffee
CR
^
D05/24/2025
T-52.07
PThai Basil Restaurant
LFood:Dining
CR
^
D05/25/2025
T-63.61
PWhole Foods Market
LFood:Groceries
CR
A123 Market St
ASan Francisco, CA 94102
^
D05/25/2025
T-45.94
PThai Basil Restaurant
LFood:Dining
CR
^
D05/25/2025
T-30.89
PUber
LTransportation:Rideshare
CR
^
D05/26/2025
T-14.77
PDoorDash
LFood:Dining
CR
^
D05/26/2025
T-6.13
PStarbucks
LFood:Coffee
CR
^
D05/27/2025
T-5.44
PPeet's Coffee
LFood:Coffee
CR
^
D05/27/2025
T-52.80
PChevron
LTransportation:Gas
CR
^
D05/28/2025
T2321.46
PPayment from Checking
MPayment received
L[Primary Checking]
CR
^
D05/28/2025
T-170.22
PTrader Joe's
LFood:Groceries
CR
A456 Grocery Ave
ASan Francisco, CA 94103
^
D05/28/2025
T-7.69
PStarbucks
LFood:Coffee
CR
^
D05/29/2025
T-7.21
PStarbucks
LFood:Coffee
CR
^
D05/30/2025
T-4.50
PPeet's Coffee
LFood:Coffee
CR
^
D05/31/2025
T-151.40
PWhole Foods Market
LFood:Groceries
CR
A123 Market St
ASan Francisco, CA 94102
^
D05/31/2025
T-27.45
PLyft
LTransportation:Rideshare
CR
^
D06/01/2025
T-33.61
PChipotle Mexican Grill
LFood:Dining
CR
^
D06/02/2025
T-134.09
PTarget
MSplit purchase - groceries and household
CR
SFood:Groceries
$-93.86
SHousing:Maintenance
$-40.23
^
D06/02/2025
T-7.11
PStarbucks
LFood:Coffee
CR
^
D06/02/2025
T-117.30
PBest Buy
LEntertainment:Games
CR
^
D06/03/2025
T-49.82
PThai Basil Restaurant
LFood:Dining
^
D06/03/2025
T-5.38
PPeet's Coffee
LFood:Coffee
Cc
^
D06/04/2025
T-86.36
PCostco
LFood:Groceries
CR
^
D06/04/2025
T-59.89
PPizza Hut
LFood:Dining
CR
^
D06/04/2025
T-4.15
PPeet's Coffee
LFood:Coffee
CR
^
D06/05/2025
T-10.99
PSpotify
LUtilities:Streaming
CR
^
D06/05/2025
T-45.33
PChevron
LTransportation:Gas
CR
^
D06/06/2025
T-7.99
PDisney+
LUtilities:Streaming
CR
^
D06/06/2025
T-43.03
PThai Basil Restaurant
LFood:Dining
CR
^
D06/06/2025
T-51.79
PApple Store
LPersonal:Education
CR
^
D06/09/2025
T-15.99
PNetflix
LUtilities:Streaming
CR
^
D06/09/2025
T-14.99
PAmazon
LPersonal:Subscriptions
CR
A410 Terry Ave N
ASeattle      , WA 98109
^
D06/10/2025
T-68.34
PChipotle Mexican Grill
LFood:Dining
CR
^
D06/10/2025
T-5.52
PStarbucks
LFood:Coffee
CR
^
D06/11/2025
T-58.33
PDoorDash
LFood:Dining
CR
^
D06/11/2025
T-4.33
PPeet's Coffee
LFood:Coffee
CR
^
D06/12/2025
T-4.16
PPeet's Coffee
LFood:Coffee
CR
^
D06/13/2025
T-87.20
PSafeway
LFood:Groceries
CR
^
D06/13/2025
T-5.00
PStarbucks
LFood:Coffee
CR
^
D06/14/2025
T-46.70
PWhole Foods Market
LFood:Groceries
Cc
A123 Market St
ASan Francisco, CA 94102
^
D06/16/2025
T-121.71
PTarget
LFood:Groceries
CR
^
D06/16/2025
T-7.64
PStarbucks
LFood:Coffee
CR
^
D06/17/2025
T-6.49
PPeet's Coffee
LFood:Coffee
CR
^
D06/18/2025
T-6.78
PPeet's Coffee
LFood:Coffee
CR
^
D06/19/2025
T-127.35
PSafeway
MSplit purchase - groceries and household
SFood:Groceries
$-89.15
SHousing:Maintenance
$-38.20
^
D06/19/2025
T-145.94
PWhole Foods Market
LFood:Groceries
Cc
A123 Market St
ASan Francisco, CA 94102
^
D06/19/2025
T-12.68
PDoorDash
LFood:Dining
CR
^
D06/19/2025
T-43.61
P76 Station
LTransportation:Gas
CR
^
D06/20/2025
T-63.86
PPizza Hut
LFood:Dining
CR
^
D06/21/2025
T-38.34
PChevron
LTransportation:Gas
CR
^
D06/22/2025
T-65.58
PChipotle Mexican Grill
LFood:Dining
CR
^
D06/22/2025
T-34.39
PUber
LTransportation:Rideshare
CR
^
D06/23/2025
T-44.81
PPizza Hut
LFood:Dining
CR
^
D06/23/2025
T-7.94
PStarbucks
LFood:Coffee
^
D06/23/2025
T-137.58
PREI
LEntertainment:Sports
CR
^
D06/24/2025
T-58.41
PUber Eats
LFood:Dining
CR
^
D06/24/2025
T-7.96
PPeet's Coffee
LFood:Coffee
CR
^
D06/24/2025
T-50.67
P76 Station
LTransportation:Gas
CR
^
D06/25/2025
T-23.48
PUber Eats
LFood:Dining
CR
^
D06/25/2025
T-5.29
PPeet's Coffee
LFood:Coffee
CR
^
D06/27/2025
T-84.42
PTrader Joe's
LFood:Groceries
CR
A456 Grocery Ave
ASan Francisco, CA 94103
^
D06/27/2025
T-66.82
PDoorDash
LFood:Dining
^
D06/27/2025
T-5.54
PPeet's Coffee
LFood:Coffee
CR
^
D06/28/2025
T3269.89
PPayment from Checking
MPayment received
L[Primary Checking]
CR
^
D06/29/2025
T-62.63
PDoorDash
LFood:Dining
CR
^
D06/30/2025
T-157.76
PSafeway
MSplit purchase - groceries and household
CR
SFood:Groceries
$-110.43
SHousing:Maintenance
$-47.33
^
D06/30/2025
T-53.90
PUber Eats
LFood:Dining
CR
^
D06/30/2025
T-4.54
PPeet's Coffee
LFood:Coffee
CR
^
D07/01/2025
T-46.38
PPizza Hut
LFood:Dining
CR
^
D07/01/2025
T-5.05
PPeet's Coffee
LFood:Coffee
CR
^
D07/02/2025
T-64.19
PDoorDash
LFood:Dining
CR
^
D07/02/2025
T-6.36
PStarbucks
LFood:Coffee
CR
^
D07/03/2025
T-43.34
PThai Basil Restaurant
LFood:Dining
CR
^
D07/03/2025
T-7.11
PPeet's Coffee
LFood:Coffee
CR
^
D07/04/2025
T-19.39
PUber Eats
LFood:Dining
CR
^
D07/04/2025
T-6.32
PStarbucks
LFood:Coffee
CR
^
D07/05/2025
T-7.99
PDisney+
LUtilities:Streaming
CR
^
D07/05/2025
T-63.23
PSafeway
LFood:Groceries
^
D07/05/2025
T-25.15
PLyft
LTransportation:Rideshare
CR
^
D07/06/2025
T-15.99
PNetflix
LUtilities:Streaming
CR
^
D07/06/2025
T-14.99
PAmazon
LPersonal:Subscriptions
CR
A410 Terry Ave N
ASeattle      , WA 98109
^
D07/07/2025
T-61.56
PThai Basil Restaurant
LFood:Dining
CR
^
D07/08/2025
T-10.99
PSpotify
LUtilities:Streaming
CR
^
D07/08/2025
T-58.53
PCostco
LFood:Groceries
CR
^
D07/09/2025
T-47.73
PDoorDash
LFood:Dining
CR
^
D07/10/2025
T-74.49
PShell
LTransportation:Gas
CR
^
D07/10/2025
T-62.23
PREI
LEntertainment:Sports
^
D07/11/2025
T-28.58
PApple Store
LPersonal:Education
^
D07/12/2025
T-69.50
PShell
LTransportation:Gas
CR
^
D07/13/2025
T-12.94
PUber Eats
LFood:Dining
CR
^
D07/14/2025
T-5.50
PPeet's Coffee
LFood:Coffee
CR
^
D07/15/2025
T-60.41
PSafeway
LFood:Groceries
CR
^
D07/15/2025
T-5.72
PPeet's Coffee
LFood:Coffee
CR
^
D07/16/2025
T-4.29
PStarbucks
LFood:Coffee
CR
^
D07/17/2025
T-475.08
PUnited Airlines
MSummer vacation flights
LTravel:Flights
CR
^
D07/17/2025
T-150.94
PWhole Foods Market
LFood:Groceries
CR
A123 Market St
ASan Francisco, CA 94102
^
D07/17/2025
T-6.39
PStarbucks
LFood:Coffee
CR
^
D07/18/2025
T-1476.79
PAirbnb
MSummer vacation lodging
LTravel:Hotels
CR
^
D07/18/2025
T-68.88
PTrader Joe's
LFood:Groceries
CR
A456 Grocery Ave
ASan Francisco, CA 94103
^
D07/18/2025
T-45.07
PThai Basil Restaurant
LFood:Dining
Cc
^
D07/19/2025
T-107.35
PCostco
LFood:Groceries
CR
^
D07/20/2025
T-73.64
PThai Basil Restaurant
LFood:Dining
CR
^
D07/20/2025
T-25.98
PLyft
LTransportation:Rideshare
CR
^
D07/20/2025
T-184.21
PNordstrom
LPersonal:Clothing
CR
^
D07/21/2025
T-5.80
PPeet's Coffee
LFood:Coffee
CR
^
D07/21/2025
T-40.98
P76 Station
LTransportation:Gas
CR
^
D07/22/2025
T-5.96
PStarbucks
LFood:Coffee
CR
^
D07/22/2025
T-56.30
PChevron
LTransportation:Gas
CR
^
D07/23/2025
T-28.00
PDoorDash
LFood:Dining
Cc
^
D07/24/2025
T-146.79
PSafeway
LFood:Groceries
CR
^
D07/25/2025
T-34.93
PDoorDash
LFood:Dining
CR
^
D07/25/2025
T-58.39
P76 Station
LTransportation:Gas
CR
^
D07/26/2025
T-42.54
PLyft
LTransportation:Rideshare
CR
^
D07/26/2025
T-94.90
PNordstrom
LPersonal:Clothing
CR
^
D07/27/2025
T-59.00
PPizza Hut
LFood:Dining
CR
^
D07/27/2025
T-47.22
PChevron
LTransportation:Gas
CR
^
D07/27/2025
T-26.90
PUber
LTransportation:Rideshare
CR
^
D07/28/2025
T3169.38
PPayment from Checking
MPayment received
L[Primary Checking]
CR
^
D07/28/2025
T-171.02
PCostco
LFood:Groceries
CR
^
D07/28/2025
T-154.19
PApple Store
LPersonal:Education
CR
^
D07/29/2025
T-5.53
PStarbucks
LFood:Coffee
CR
^
D07/29/2025
T-44.82
PShell
LTransportation:Gas
CR
^
D07/30/2025
T-129.95
PSafeway
LFood:Groceries
CR
^
D07/30/2025
T-34.40
PPizza Hut
LFood:Dining
CR
^
D08/01/2025
T-5.04
PPeet's Coffee
LFood:Coffee
CR
^
D08/02/2025
T-65.66
PSafeway
LFood:Groceries
CR
^
D08/03/2025
T-29.67
PPizza Hut
LFood:Dining
CR
^
D08/03/2025
T-44.99
PLyft
LTransportation:Rideshare
CR
^
D08/04/2025
T-7.85
PPeet's Coffee
LFood:Coffee
CR
^
D08/05/2025
T-14.56
PChipotle Mexican Grill
LFood:Dining
CR
^
D08/05/2025
T-5.57
PPeet's Coffee
LFood:Coffee
CR
^
D08/06/2025
T-72.13
PUber Eats
LFood:Dining
CR
^
D08/06/2025
T-5.02
PStarbucks
LFood:Coffee
CR
^
D08/06/2025
T-50.24
P76 Station
LTransportation:Gas
CR
^
D08/07/2025
T-10.99
PSpotify
LUtilities:Streaming
CR
^
D08/07/2025
T-7.23
PPeet's Coffee
LFood:Coffee
CR
^
D08/07/2025
T-63.09
PShell
LTransportation:Gas
CR
^
D08/08/2025
T-14.99
PAmazon
LPersonal:Subscriptions
CR
A410 Terry Ave N
ASeattle      , WA 98109
^
D08/08/2025
T-82.31
PCostco
MSplit purchase - groceries and household
SFood:Groceries
$-57.62
SHousing:Maintenance
$-24.69
^
D08/08/2025
T-45.14
PChevron
LTransportation:Gas
CR
^
D08/09/2025
T-15.99
PNetflix
LUtilities:Streaming
CR
^
D08/09/2025
T-7.99
PDisney+
LUtilities:Streaming
CR
^
D08/09/2025
T-145.56
PTrader Joe's
LFood:Groceries
CR
A456 Grocery Ave
ASan Francisco, CA 94103
^
D08/09/2025
T-50.00
PPizza Hut
LFood:Dining
CR
^
D08/11/2025
T-6.39
PPeet's Coffee
LFood:Coffee
CR
^
D08/12/2025
T-67.91
PChipotle Mexican Grill
LFood:Dining
CR
^
D08/12/2025
T-5.20
PStarbucks
LFood:Coffee
CR
^
D08/13/2025
T-6.45
PPeet's Coffee
LFood:Coffee
CR
^
D08/13/2025
T-70.68
PChevron
LTransportation:Gas
CR
^
D08/14/2025
T-141.41
PTrader Joe's
LFood:Groceries
CR
A456 Grocery Ave
ASan Francisco, CA 94103
^
D08/14/2025
T-58.84
PUber Eats
LFood:Dining
CR
^
D08/15/2025
T-69.59
PShell
LTransportation:Gas
CR
^
D08/15/2025
T-93.09
PBest Buy
LEntertainment:Games
CR
^
D08/16/2025
T-14.87
PPizza Hut
LFood:Dining
CR
^
D08/16/2025
T-36.92
PUber
LTransportation:Rideshare
CR
^
D08/18/2025
T-98.05
PTarget
LFood:Groceries
CR
^
D08/18/2025
T-67.31
PUber Eats
LFood:Dining
CR
^
D08/18/2025
T-73.52
P76 Station
LTransportation:Gas
CR
^
D08/19/2025
T-96.80
PCostco
LFood:Groceries
CR
^
D08/19/2025
T-38.40
PUber Eats
LFood:Dining
CR
^
D08/20/2025
T-153.67
PSafeway
LFood:Groceries
CR
^
D08/20/2025
T-49.65
PDoorDash
LFood:Dining
CR
^
D08/21/2025
T-57.47
PPizza Hut
LFood:Dining
CR
^
D08/21/2025
T-69.68
PChevron
LTransportation:Gas
CR
^
D08/22/2025
T-12.83
PPizza Hut
LFood:Dining
CR
^
D08/22/2025
T-4.47
PStarbucks
LFood:Coffee
CR
^
D08/22/2025
T-50.86
PChevron
LTransportation:Gas
CR
^
D08/23/2025
T-172.60
PWhole Foods Market
LFood:Groceries
CR
A123 Market St
ASan Francisco, CA 94102
^
D08/24/2025
T-64.00
PUber Eats
LFood:Dining
CR
^
D08/24/2025
T-43.04
PUber
LTransportation:Rideshare
CR
^
D08/25/2025
T-6.59
PPeet's Coffee
LFood:Coffee
CR
^
D08/26/2025
T-66.86
PWhole Foods Market
LFood:Groceries
CR
A123 Market St
ASan Francisco, CA 94102
^
D08/26/2025
T-21.56
PChipotle Mexican Grill
LFood:Dining
CR
^
D08/27/2025
T-7.30
PPeet's Coffee
LFood:Coffee
CR
^
D08/28/2025
T2448.97
PPayment from Checking
MPayment received
L[Primary Checking]
CR
^
D08/28/2025
T-143.65
PTrader Joe's
LFood:Groceries
CR
A456 Grocery Ave
ASan Francisco, CA 94103
^
D08/28/2025
T-37.84
PDoorDash
LFood:Dining
^
D08/28/2025
T-5.87
PPeet's Coffee
LFood:Coffee
CR
^
D08/29/2025
T-5.07
PStarbucks
LFood:Coffee
CR
^
D08/30/2025
T-65.38
P76 Station
LTransportation:Gas
CR
^
D09/01/2025
T-4.70
PStarbucks
LFood:Coffee
CR
^
D09/02/2025
T-21.58
PThai Basil Restaurant
LFood:Dining
CR
^
D09/02/2025
T-7.68
PPeet's Coffee
LFood:Coffee
CR
^
D09/03/2025
T-19.41
PDoorDash
LFood:Dining
Cc
^
D09/03/2025
T-4.40
PStarbucks
LFood:Coffee
CR
^
D09/04/2025
T-178.76
PTrader Joe's
LFood:Groceries
CR
A456 Grocery Ave
ASan Francisco, CA 94103
^
D09/04/2025
T-65.49
PThai Basil Restaurant
LFood:Dining
CR
^
D09/04/2025
T-7.51
PStarbucks
LFood:Coffee
CR
^
D09/04/2025
T-51.34
PShell
LTransportation:Gas
CR
^
D09/05/2025
T-6.43
PPeet's Coffee
LFood:Coffee
CR
^
D09/05/2025
T-37.62
PShell
LTransportation:Gas
CR
^
D09/06/2025
T-15.99
PNetflix
LUtilities:Streaming
CR
^
D09/06/2025
T-7.99
PDisney+
LUtilities:Streaming
CR
^
D09/06/2025
T-134.36
PSafeway
LFood:Groceries
CR
^
D09/07/2025
T-10.99
PSpotify
LUtilities:Streaming
CR
^
D09/07/2025
T-14.99
PAmazon
LPersonal:Subscriptions
CR
A410 Terry Ave N
ASeattle      , WA 98109
^
D09/07/2025
T-23.94
PPizza Hut
LFood:Dining
CR
^
D09/08/2025
T-119.82
PTrader Joe's
MSplit purchase - groceries and household
A456 Grocery Ave
ASan Francisco, CA 94103
SFood:Groceries
$-83.87
SHousing:Maintenance
$-35.95
^
D09/08/2025
T-4.91
PPeet's Coffee
LFood:Coffee
CR
^
D09/08/2025
T-163.55
PBest Buy
LEntertainment:Games
CR
^
D09/10/2025
T-165.50
PWhole Foods Market
LFood:Groceries
CR
A123 Market St
ASan Francisco, CA 94102
^
D09/11/2025
T-31.48
PUber Eats
LFood:Dining
CR
^
D09/12/2025
T-92.89
PTrader Joe's
LFood:Groceries
CR
