!Option:AutoSwitch
!Clear:AutoSwitch
!Account
NPrimary Checking
TBank
DMain checking account for daily expenses
^
!Account
NEmergency Savings
TBank
DEmergency fund savings
^
!Account
NChase Sapphire
TCCard
DPrimary credit card
^
!Account
NPetty Cash
TCash
DCash on hand
^
!Account
NFidelity Brokerage
TInvst
DTaxable brokerage account
^
!Account
N401k - Employer
TInvst
DEmployer 401k retirement account
^
!Account
NRoth IRA
TInvst
DRoth IRA retirement account
^
!Type:Cat
NIncome:Salary
DRegular employment income
T
I
RW-2
^
NIncome:Bonus
DEmployment bonuses
T
I
RW-2
^
NIncome:Dividends
DStock dividends
T
I
R1099-DIV
^
NIncome:Interest
DBank interest
T
I
R1099-INT
^
NIncome:Capital Gains
DInvestment gains
T
I
R1099-B
^
NIncome:Gifts
DGifts received
I
^
NIncome:Refunds
DTax refunds and rebates
I
^
NHousing:Rent
DMonthly rent payment
B2000
^
NHousing:Mortgage
DMortgage payment
T
R1098
^
NHousing:Insurance
DHome insurance
B150
^
NHousing:Property Tax
DProperty taxes
T
^
NHousing:Maintenance
DHome repairs and maintenance
B200
^
NUtilities:Electric
DElectric bill
B120
^
NUtilities:Gas
DGas/heating bill
B80
^
NUtilities:Water
DWater and sewer
B50
^
NUtilities:Internet
DInternet service
B80
^
NUtilities:Phone
DMobile phone
B100
^
NUtilities:Streaming
DStreaming services
B50
^
NFood:Groceries
DGrocery shopping
B600
^
NFood:Dining
DRestaurants and takeout
B300
^
NFood:Coffee
DCoffee shops
B50
^
NFood:Alcohol
DBeer, wine, spirits
B100
^
NTransportation:Gas
DVehicle fuel
B200
^
NTransportation:Insurance
DAuto insurance
B150
^
NTransportation:Maintenance
DCar repairs and service
B100
^
NTransportation:Parking
DParking fees
B50
^
NTransportation:Public Transit
DBus, subway, train
B100
^
NTransportation:Rideshare
DUber, Lyft
B100
^
NHealthcare:Insurance
DHealth insurance premiums
T
^
NHealthcare:Doctor
DDoctor visits and copays
T
^
NHealthcare:Dental
DDental care
T
^
NHealthcare:Vision
DEye care and glasses
T
^
NHealthcare:Pharmacy
DPrescriptions
T
^
NHealthcare:Gym
DGym membership
B50
^
NPersonal:Clothing
DClothes and accessories
B150
^
NPersonal:Grooming
DHaircuts and personal care
B50
^
NPersonal:Education
DCourses and books
B100
^
NPersonal:Subscriptions
DMagazines, apps, memberships
B50
^
NEntertainment:Movies
DMovies and theater
B50
^
NEntertainment:Games
DVideo games
B50
^
NEntertainment:Sports
DSports events and equipment
B100
^
NEntertainment:Hobbies
DHobby supplies
B100
^
NTravel:Flights
DAirfare
B200
^
NTravel:Hotels
DLodging
B200
^
NTravel:Car Rental
DRental cars
B100
^
NTravel:Vacation
DGeneral vacation expenses
B300
^
NFinancial:Bank Fees
DBank charges
B20
^
NFinancial:ATM Fees
DATM withdrawal fees
B10
^
NFinancial:Credit Card Interest
DCredit card interest charges
^
NFinancial:Investment Fees
DBrokerage fees
^
NTaxes:Federal
DFederal income tax
T
^
NTaxes:State
DState income tax
T
^
NTaxes:FICA
DSocial security and Medicare
T
^
NCharitable:Donations
DCharitable contributions
T
RSchedule A
^
NTransfer
DAccount transfers
^
!Type:Security
NAAPL
SApple Inc.
TStock
GGrowth
^
!Type:Security
NMSFT
SMicrosoft Corporation
TStock
GGrowth
^
!Type:Security
NGOOGL
SAlphabet Inc.
TStock
GGrowth
^
!Type:Security
NAMZN
SAmazon.com Inc.
TStock
GGrowth
^
!Type:Security
NNVDA
SNVIDIA Corporation
TStock
GGrowth
^
!Type:Security
NJNJ
SJohnson & Johnson
TStock
GIncome
^
!Type:Security
NPG
SProcter & Gamble
TStock
GIncome
^
!Type:Security
NKO
SCoca-Cola Company
TStock
GIncome
^
!Type:Security
NVTI
SVanguard Total Stock Market ETF
TETF
GGrowth
^
!Type:Security
NVXUS
SVanguard Total International Stock ETF
TETF
GGrowth
^
!Type:Security
NBND
SVanguard Total Bond Market ETF
TETF
GIncome
^
!Type:Security
NSPY
SSPDR S&P 500 ETF
TETF
GGrowth
^
!Type:Security
NIVV
SiShares Core S&P 500 ETF
TETF
GGrowth
^
!Type:Security
NFXAIX
SFidelity 500 Index Fund
TMutual Fund
GGrowth
^
!Type:Security
NVTIVX
SVanguard Target Retirement 2045
TMutual Fund
GGrowth
^
!Type:Security
NFSKAX
SFidelity Total Market Index
TMutual Fund
GGrowth
^
!Type:Security
NVBTLX
SVanguard Total Bond Market Index
TMutual Fund
GIncome
^
!Type:Security
NSPAXX
SFidelity Government Money Market
TMutual Fund
GIncome
^
!Type:Security
NO
SRealty Income Corporation
TStock
GIncome
^
!Type:Security
NVZ
SVerizon Communications
TStock
GIncome
^
!Type:Tag
NTax Deductible
DItems that may be tax deductible
C#00FF00
^
!Type:Tag
NReimbursable
DExpenses to be reimbursed
C#0000FF
^
!Type:Tag
NBusiness
DBusiness-related expenses
C#FF0000
^
!Type:Tag
NMedical
DMedical expenses for HSA/FSA
C#FF00FF
^
!Type:Tag
NVacation
DVacation-related spending
C#00FFFF
^
!Type:Tag
NGift
DGifts given or received
C#FFFF00
^
!Type:Tag
NRecurring
DRegular recurring expenses
C#808080
^
!Type:Tag
N2022
DTransactions from 2022
^
!Type:Tag
N2023
DTransactions from 2023
^
!Type:Tag
N2024
DTransactions from 2024
^
!Type:Class
NPersonal
DPersonal expenses
^
!Type:Class
NBusiness
DBusiness-related expenses
^
!Type:Class
NJoint
DJoint/shared expenses
^
!Type:Class
NReimbursable
DTo be reimbursed
^
!Type:Class
NTax Deductible
DMay be tax deductible
^
!Account
NPrimary Checking
TBank
^
!Type:Bank
D12/31/2021
T-2200.00
PBay Area Property Management
N1001
MRent for December 2021
LHousing:Rent
CR
A789 Property Lane
AOakland, CA 94612
^
D12/31/2021
T-123.89
PTrader Joe's
LFood:Groceries
CR
A456 Grocery Ave
ASan Francisco, CA 94103
^
D01/02/2022
T-100.43
PTarget
LFood:Groceries
CR
^
D01/13/2022
T4500.00
PAcme Corporation
MBi-weekly paycheck
LIncome:Salary
CR
A1000 Corporate Blvd
ASan Jose, CA 95110
^
D01/15/2022
T-95.49
PAT&T Wireless
LUtilities:Phone
CR
^
D01/16/2022
T-145.75
PState Farm Insurance
LHousing:Insurance
CR
^
D01/20/2022
T-155.31
PPG&E
LUtilities:Electric
CR
APO Box 997300
ASacramento, CA 95899
^
D01/20/2022
T-82.13
PComcast Xfinity
LUtilities:Internet
CR
^
D01/24/2022
T-1330.12
PTransfer to Savings
MMonthly savings contribution
L[Emergency Savings]
CR
^
D01/27/2022
T4500.00
PAcme Corporation
MBi-weekly paycheck
LIncome:Salary
CR
A1000 Corporate Blvd
ASan Jose, CA 95110
^
D01/27/2022
T-2428.06
PChase Bank
N1022
MCredit card payment
L[Chase Sapphire]
CR
^
D02/01/2022
T-2200.00
PBay Area Property Management
N1002
MRent for February 2022
LHousing:Rent
CR
A789 Property Lane
AOakland, CA 94612
^
D02/05/2022
T-64.70
PTarget
LFood:Groceries
CR
^
D02/10/2022
T4500.00
PAcme Corporation
MBi-weekly paycheck
LIncome:Salary
CR
A1000 Corporate Blvd
ASan Jose, CA 95110
^
D02/14/2022
T-117.84
PWhole Foods Market
LFood:Groceries
CR
A123 Market St
ASan Francisco, CA 94102
^
D02/17/2022
T-96.05
PAT&T Wireless
LUtilities:Phone
CR
^
D02/19/2022
T-53.50
PTrader Joe's
LFood:Groceries
CR
A456 Grocery Ave
ASan Francisco, CA 94103
^
D02/20/2022
T-160.38
PTarget
LFood:Groceries
CR
^
D02/21/2022
T-81.17
PComcast Xfinity
LUtilities:Internet
CR
^
D02/23/2022
T-157.00
PState Farm Insurance
LHousing:Insurance
CR
^
D02/24/2022
T-151.04
PPG&E
LUtilities:Electric
CR
APO Box 997300
ASacramento, CA 95899
^
D02/24/2022
T4500.00
PAcme Corporation
MBi-weekly paycheck
LIncome:Salary
CR
A1000 Corporate Blvd
ASan Jose, CA 95110
^
D02/24/2022
T-91.14
PTarget
LFood:Groceries
CR
^
D02/25/2022
T-1350.25
PTransfer to Savings
MMonthly savings contribution
L[Emergency Savings]
CR
^
D02/25/2022
T-130.86
PWhole Foods Market
LFood:Groceries
A123 Market St
ASan Francisco, CA 94102
^
D02/28/2022
T-3352.03
PChase Bank
N1023
MCredit card payment
L[Chase Sapphire]
CR
^
D03/10/2022
T4500.00
PAcme Corporation
MBi-weekly paycheck
LIncome:Salary
CR
A1000 Corporate Blvd
ASan Jose, CA 95110
^
D03/14/2022
T10823.08
PAcme Corporation
M2022 Annual bonus
LIncome:Bonus
CR
A1000 Corporate Blvd
ASan Jose, CA 95110
^
D03/15/2022
T-102.66
PAT&T Wireless
LUtilities:Phone
CR
^
D03/17/2022
T-84.05
PComcast Xfinity
LUtilities:Internet
CR
^
D03/20/2022
T-137.63
PTrader Joe's
LFood:Groceries
Cc
A456 Grocery Ave
ASan Francisco, CA 94103
^
D03/22/2022
T-119.07
PSafeway
LFood:Groceries
Cc
^
D03/23/2022
T-125.12
PPG&E
LUtilities:Electric
CR
APO Box 997300
ASacramento, CA 95899
^
D03/24/2022
T-156.10
PState Farm Insurance
LHousing:Insurance
CR
^
D03/24/2022
T4500.00
PAcme Corporation
MBi-weekly paycheck
LIncome:Salary
CR
A1000 Corporate Blvd
ASan Jose, CA 95110
^
D03/25/2022
T-1368.30
PTransfer to Savings
MMonthly savings contribution
L[Emergency Savings]
CR
^
D03/26/2022
T-58.45
PCostco
LFood:Groceries
CR
^
D03/27/2022
T-175.66
PWhole Foods Market
LFood:Groceries
CR
A123 Market St
ASan Francisco, CA 94102
^
D03/28/2022
T-2930.37
PChase Bank
N1024
MCredit card payment
L[Chase Sapphire]
CR
^
D04/01/2022
T-2200.00
PBay Area Property Management
N1003
MRent for April 2022
LHousing:Rent
CR
A789 Property Lane
AOakland, CA 94612
^
D04/03/2022
T-200.00
PATM Withdrawal
MCash withdrawal
L[Petty Cash]
^
D04/07/2022
T4500.00
PAcme Corporation
MBi-weekly paycheck
LIncome:Salary
CR
A1000 Corporate Blvd
ASan Jose, CA 95110
^
D04/09/2022
T-156.64
PTarget
LFood:Groceries
CR
^
D04/16/2022
T-113.70
PPG&E
LUtilities:Electric
CR
APO Box 997300
ASacramento, CA 95899
^
D04/17/2022
T-100.05
PAT&T Wireless
LUtilities:Phone
CR
^
D04/21/2022
T-79.34
PComcast Xfinity
LUtilities:Internet
CR
^
D04/21/2022
T4500.00
PAcme Corporation
MBi-weekly paycheck
LIncome:Salary
CR
A1000 Corporate Blvd
ASan Jose, CA 95110
^
D04/21/2022
T-100.00
PATM Withdrawal
MCash withdrawal
L[Petty Cash]
CR
^
D04/22/2022
T-145.43
PState Farm Insurance
LHousing:Insurance
CR
^
D04/25/2022
T-569.49
PTransfer to Savings
MMonthly savings contribution
L[Emergency Savings]
CR
^
D04/28/2022
T-2475.87
PChase Bank
N1025
MCredit card payment
L[Chase Sapphire]
CR
^
D05/05/2022
T4500.00
PAcme Corporation
MBi-weekly paycheck
LIncome:Salary
CR
A1000 Corporate Blvd
ASan Jose, CA 95110
^
D05/19/2022
T4500.00
PAcme Corporation
MBi-weekly paycheck
LIncome:Salary
CR
A1000 Corporate Blvd
ASan Jose, CA 95110
^
D05/20/2022
T-80.28
PPG&E
LUtilities:Electric
CR
APO Box 997300
ASacramento, CA 95899
^
D05/20/2022
T-82.33
PComcast Xfinity
LUtilities:Internet
CR
^
D05/21/2022
T-102.02
PAT&T Wireless
LUtilities:Phone
CR
^
D05/21/2022
T-163.95
PTrader Joe's
LFood:Groceries
CR
A456 Grocery Ave
ASan Francisco, CA 94103
^
D05/23/2022
T-156.26
PState Farm Insurance
LHousing:Insurance
CR
^
D05/24/2022
T-174.91
PTarget
LFood:Groceries
CR
^
D05/25/2022
T-1438.69
PTransfer to Savings
MMonthly savings contribution
L[Emergency Savings]
CR
^
D05/28/2022
T-3484.42
PChase Bank
N1026
MCredit card payment
L[Chase Sapphire]
CR
^
D05/29/2022
T-146.51
PTrader Joe's
LFood:Groceries
CR
A456 Grocery Ave
ASan Francisco, CA 94103
^
D06/01/2022
T-2200.00
PBay Area Property Management
N1004
MRent for June 2022
LHousing:Rent
CR
A789 Property Lane
AOakland, CA 94612
^
D06/02/2022
T4500.00
PAcme Corporation
MBi-weekly paycheck
LIncome:Salary
CR
A1000 Corporate Blvd
ASan Jose, CA 95110
^
D06/03/2022
T-111.67
PTarget
LFood:Groceries
CR
^
D06/11/2022
T-105.19
PWhole Foods Market
LFood:Groceries
CR
A123 Market St
ASan Francisco, CA 94102
^
D06/16/2022
T-103.46
PAT&T Wireless
LUtilities:Phone
CR
^
D06/16/2022
T4500.00
PAcme Corporation
MBi-weekly paycheck
LIncome:Salary
CR
A1000 Corporate Blvd
ASan Jose, CA 95110
^
D06/17/2022
T-163.59
PPG&E
LUtilities:Electric
CR
APO Box 997300
ASacramento, CA 95899
^
D06/17/2022
T-140.35
PState Farm Insurance
LHousing:Insurance
CR
^
D06/19/2022
T-84.51
PComcast Xfinity
LUtilities:Internet
CR
^
D06/20/2022
T-168.27
PTrader Joe's
LFood:Groceries
CR
A456 Grocery Ave
ASan Francisco, CA 94103
^
D06/25/2022
T-1076.03
PTransfer to Savings
MMonthly savings contribution
L[Emergency Savings]
CR
^
D06/25/2022
T-134.75
PTrader Joe's
LFood:Groceries
Cc
A456 Grocery Ave
ASan Francisco, CA 94103
^
D06/28/2022
T-2434.96
PChase Bank
N1027
MCredit card payment
L[Chase Sapphire]
CR
^
D06/28/2022
T-100.00
PATM Withdrawal
MCash withdrawal
L[Petty Cash]
CR
^
D06/30/2022
T4500.00
PAcme Corporation
MBi-weekly paycheck
LIncome:Salary
CR
A1000 Corporate Blvd
ASan Jose, CA 95110
^
D07/01/2022
T-141.51
PSafeway
LFood:Groceries
CR
^
D07/04/2022
T-141.40
PTarget
LFood:Groceries
CR
^
D07/05/2022
T-46.37
PTrader Joe's
LFood:Groceries
Cc
A456 Grocery Ave
ASan Francisco, CA 94103
^
D07/14/2022
T4500.00
PAcme Corporation
MBi-weekly paycheck
LIncome:Salary
CR
A1000 Corporate Blvd
ASan Jose, CA 95110
^
D07/14/2022
T-54.00
PWhole Foods Market
LFood:Groceries
CR
A123 Market St
ASan Francisco, CA 94102
^
D07/16/2022
T-84.62
PComcast Xfinity
LUtilities:Internet
CR
^
D07/17/2022
T-98.25
PAT&T Wireless
LUtilities:Phone
CR
^
D07/19/2022
T-82.57
PPG&E
LUtilities:Electric
CR
APO Box 997300
ASacramento, CA 95899
^
D07/21/2022
T-154.66
PState Farm Insurance
LHousing:Insurance
CR
^
D07/21/2022
T-200.00
PATM Withdrawal
MCash withdrawal
L[Petty Cash]
CR
^
D07/25/2022
T-616.80
PTransfer to Savings
MMonthly savings contribution
L[Emergency Savings]
CR
^
D07/25/2022
T-116.29
PCostco
LFood:Groceries
CR
^
D07/28/2022
T-2468.41
PChase Bank
N1028
MCredit card payment
L[Chase Sapphire]
CR
^
D07/28/2022
T4500.00
PAcme Corporation
MBi-weekly paycheck
LIncome:Salary
CR
A1000 Corporate Blvd
ASan Jose, CA 95110
^
D08/01/2022
T-2200.00
PBay Area Property Management
N1005
MRent for August 2022
LHousing:Rent
CR
A789 Property Lane
AOakland, CA 94612
^
D08/04/2022
T-166.97
PSafeway
LFood:Groceries
CR
^
D08/11/2022
T4500.00
PAcme Corporation
MBi-weekly paycheck
LIncome:Salary
CR
A1000 Corporate Blvd
ASan Jose, CA 95110
^
D08/15/2022
T-97.69
PAT&T Wireless
LUtilities:Phone
CR
^
D08/15/2022
T-158.00
PState Farm Insurance
LHousing:Insurance
CR
^
D08/16/2022
T-127.57
PTrader Joe's
LFood:Groceries
CR
A456 Grocery Ave
ASan Francisco, CA 94103
^
D08/16/2022
T-60.00
PATM Withdrawal
MCash withdrawal
L[Petty Cash]
Cc
^
D08/17/2022
T-151.37
PSafeway
LFood:Groceries
CR
^
D08/20/2022
T-160.69
PPG&E
LUtilities:Electric
CR
APO Box 997300
ASacramento, CA 95899
^
D08/21/2022
T-82.72
PComcast Xfinity
LUtilities:Internet
CR
^
D08/25/2022
T-1094.67
PTransfer to Savings
MMonthly savings contribution
L[Emergency Savings]
CR
^
D08/25/2022
T4500.00
PAcme Corporation
MBi-weekly paycheck
LIncome:Salary
CR
A1000 Corporate Blvd
ASan Jose, CA 95110
^
D08/28/2022
T-1565.75
PChase Bank
N1029
MCredit card payment
L[Chase Sapphire]
CR
^
D08/29/2022
T-171.23
PCostco
LFood:Groceries
CR
^
D09/01/2022
T-2200.00
PBay Area Property Management
N1006
MRent for September 2022
LHousing:Rent
CR
A789 Property Lane
AOakland, CA 94612
^
D09/08/2022
T4500.00
PAcme Corporation
MBi-weekly paycheck
LIncome:Salary
CR
A1000 Corporate Blvd
ASan Jose, CA 95110
^
D09/09/2022
T-109.79
PSafeway
LFood:Groceries
CR
^
D09/15/2022
T-142.94
PState Farm Insurance
LHousing:Insurance
CR
^
D09/15/2022
T-141.59
PCostco
LFood:Groceries
CR
^
D09/16/2022
T-106.66
PWhole Foods Market
LFood:Groceries
CR
A123 Market St
ASan Francisco, CA 94102
^
D09/19/2022
T-95.72
PAT&T Wireless
LUtilities:Phone
CR
^
D09/20/2022
T-40.00
PATM Withdrawal
MCash withdrawal
L[Petty Cash]
CR
^
D09/22/2022
T4500.00
PAcme Corporation
MBi-weekly paycheck
LIncome:Salary
CR
A1000 Corporate Blvd
ASan Jose, CA 95110
^
D09/22/2022
T-174.24
PTarget
LFood:Groceries
CR
^
D09/23/2022
T-80.33
PComcast Xfinity
LUtilities:Internet
CR
^
D09/24/2022
T-103.92
PPG&E
LUtilities:Electric
CR
APO Box 997300
ASacramento, CA 95899
^
D09/25/2022
T-893.95
PTransfer to Savings
MMonthly savings contribution
L[Emergency Savings]
CR
^
D09/26/2022
T-59.47
PCostco
LFood:Groceries
CR
^
D09/27/2022
T-84.67
PSafeway
LFood:Groceries
CR
^
D09/28/2022
T-2353.51
PChase Bank
N1030
MCredit card payment
L[Chase Sapphire]
CR
^
D10/02/2022
T-125.28
PSafeway
LFood:Groceries
CR
^
D10/06/2022
T4500.00
PAcme Corporation
MBi-weekly paycheck
LIncome:Salary
CR
A1000 Corporate Blvd
ASan Jose, CA 95110
^
D10/06/2022
T-139.93
PSafeway
LFood:Groceries
CR
^
D10/18/2022
T-134.28
PPG&E
LUtilities:Electric
CR
APO Box 997300
ASacramento, CA 95899
^
D10/18/2022
T-98.55
PAT&T Wireless
LUtilities:Phone
CR
^
D10/20/2022
T4500.00
PAcme Corporation
MBi-weekly paycheck
LIncome:Salary
CR
A1000 Corporate Blvd
ASan Jose, CA 95110
^
D10/21/2022
T-148.31
PState Farm Insurance
LHousing:Insurance
CR
^
D10/22/2022
T-139.19
PSafeway
LFood:Groceries
CR
^
D10/24/2022
T-81.54
PComcast Xfinity
LUtilities:Internet
CR
^
D10/25/2022
T-778.68
PTransfer to Savings
MMonthly savings contribution
L[Emergency Savings]
CR
^
D10/28/2022
T-3366.38
PChase Bank
N1031
MCredit card payment
L[Chase Sapphire]
CR
^
D10/28/2022
T-164.97
PCostco
LFood:Groceries
Cc
^
D11/01/2022
T-2200.00
PBay Area Property Management
N1007
MRent for November 2022
LHousing:Rent
CR
A789 Property Lane
AOakland, CA 94612
^
D11/03/2022
T4500.00
PAcme Corporation
MBi-weekly paycheck
LIncome:Salary
CR
A1000 Corporate Blvd
ASan Jose, CA 95110
^
D11/04/2022
T-91.92
PSafeway
LFood:Groceries
CR
^
D11/15/2022
T-155.71
PPG&E
LUtilities:Electric
CR
APO Box 997300
ASacramento, CA 95899
^
D11/16/2022
T-101.82
PAT&T Wireless
LUtilities:Phone
CR
^
D11/17/2022
T4500.00
PAcme Corporation
MBi-weekly paycheck
LIncome:Salary
CR
A1000 Corporate Blvd
ASan Jose, CA 95110
^
D11/19/2022
T-83.98
PComcast Xfinity
LUtilities:Internet
CR
^
D11/20/2022
T-155.28
PState Farm Insurance
LHousing:Insurance
CR
^
D11/25/2022
T-1422.99
PTransfer to Savings
MMonthly savings contribution
L[Emergency Savings]
CR
^
D11/28/2022
T-2082.47
PChase Bank
N1032
MCredit card payment
L[Chase Sapphire]
CR
^
D11/30/2022
T-45.58
PTrader Joe's
LFood:Groceries
CR
A456 Grocery Ave
ASan Francisco, CA 94103
^
D12/01/2022
T4500.00
PAcme Corporation
MBi-weekly paycheck
LIncome:Salary
CR
A1000 Corporate Blvd
ASan Jose, CA 95110
^
D12/01/2022
T-54.91
PWhole Foods Market
LFood:Groceries
CR
A123 Market St
ASan Francisco, CA 94102
^
D12/06/2022
T-42.48
PTrader Joe's
LFood:Groceries
CR
A456 Grocery Ave
ASan Francisco, CA 94103
^
D12/15/2022
T-98.29
PAT&T Wireless
LUtilities:Phone
CR
^
D12/15/2022
T4500.00
PAcme Corporation
MBi-weekly paycheck
LIncome:Salary
CR
A1000 Corporate Blvd
ASan Jose, CA 95110
^
D12/19/2022
T-80.41
PComcast Xfinity
LUtilities:Internet
CR
^
D12/20/2022
T-145.79
PState Farm Insurance
LHousing:Insurance
CR
^
D12/21/2022
T-128.63
PPG&E
LUtilities:Electric
CR
APO Box 997300
ASacramento, CA 95899
^
D12/23/2022
T-83.67
PSafeway
LFood:Groceries
CR
^
D12/25/2022
T-628.96
PTransfer to Savings
MMonthly savings contribution
L[Emergency Savings]
CR
^
D12/28/2022
T-1938.76
PChase Bank
N1033
MCredit card payment
L[Chase Sapphire]
CR
^
D12/29/2022
T4500.00
PAcme Corporation
MBi-weekly paycheck
LIncome:Salary
CR
A1000 Corporate Blvd
ASan Jose, CA 95110
^
D12/30/2022
T-60.00
PATM Withdrawal
MCash withdrawal
L[Petty Cash]
Cc
^
D12/31/2022
T-128.13
PTarget
LFood:Groceries
CR
^
D01/01/2023
T-2200.00
PBay Area Property Management
N1008
MRent for January 2023
LHousing:Rent
CR
A789 Property Lane
AOakland, CA 94612
^
D01/11/2023
T-136.76
PWhole Foods Market
LFood:Groceries
CR
A123 Market St
ASan Francisco, CA 94102
^
D01/12/2023
T4500.00
PAcme Corporation
MBi-weekly paycheck
LIncome:Salary
CR
A1000 Corporate Blvd
ASan Jose, CA 95110
^
D01/12/2023
T-158.05
PTarget
LFood:Groceries
CR
^
D01/19/2023
T-60.26
PTrader Joe's
LFood:Groceries
Cc
A456 Grocery Ave
ASan Francisco, CA 94103
^
D01/20/2023
T-79.59
PComcast Xfinity
LUtilities:Internet
CR
^
D01/20/2023
T-142.49
PState Farm Insurance
LHousing:Insurance
CR
^
D01/24/2023
T-162.39
PPG&E
LUtilities:Electric
CR
APO Box 997300
ASacramento, CA 95899
^
D01/24/2023
T-100.85
PAT&T Wireless
LUtilities:Phone
CR
^
D01/25/2023
T-721.55
PTransfer to Savings
MMonthly savings contribution
L[Emergency Savings]
CR
^
D01/26/2023
T4500.00
PAcme Corporation
MBi-weekly paycheck
LIncome:Salary
CR
A1000 Corporate Blvd
ASan Jose, CA 95110
^
D01/28/2023
T-1968.76
PChase Bank
N1034
MCredit card payment
L[Chase Sapphire]
CR
^
D02/01/2023
T-2200.00
PBay Area Property Management
N1009
MRent for February 2023
LHousing:Rent
CR
A789 Property Lane
AOakland, CA 94612
^
D02/09/2023
T4500.00
PAcme Corporation
MBi-weekly paycheck
LIncome:Salary
CR
A1000 Corporate Blvd
ASan Jose, CA 95110
^
D02/12/2023
T-40.00
PATM Withdrawal
MCash withdrawal
L[Petty Cash]
CR
^
D02/13/2023
T-170.28
PCostco
LFood:Groceries
CR
^
D02/15/2023
T-163.13
PPG&E
LUtilities:Electric
CR
APO Box 997300
ASacramento, CA 95899
^
D02/21/2023
T-81.79
PComcast Xfinity
LUtilities:Internet
CR
^
D02/22/2023
T-101.44
PAT&T Wireless
LUtilities:Phone
CR
^
D02/23/2023
T-146.74
PState Farm Insurance
LHousing:Insurance
CR
^
D02/23/2023
T4500.00
PAcme Corporation
MBi-weekly paycheck
LIncome:Salary
CR
A1000 Corporate Blvd
ASan Jose, CA 95110
^
D02/25/2023
T-939.11
PTransfer to Savings
MMonthly savings contribution
L[Emergency Savings]
CR
^
D02/28/2023
T-1999.62
PChase Bank
N1035
MCredit card payment
L[Chase Sapphire]
CR
^
D03/09/2023
T4500.00
PAcme Corporation
MBi-weekly paycheck
LIncome:Salary
CR
A1000 Corporate Blvd
ASan Jose, CA 95110
^
D03/14/2023
T10198.19
PAcme Corporation
M2023 Annual bonus
LIncome:Bonus
CR
A1000 Corporate Blvd
ASan Jose, CA 95110
^
D03/15/2023
T-84.43
PComcast Xfinity
LUtilities:Internet
CR
^
D03/16/2023
T-125.71
PPG&E
LUtilities:Electric
CR
APO Box 997300
ASacramento, CA 95899
^
D03/18/2023
T-102.08
PAT&T Wireless
LUtilities:Phone
CR
^
D03/20/2023
T-141.36
PState Farm Insurance
LHousing:Insurance
CR
^
D03/23/2023
T4500.00
PAcme Corporation
MBi-weekly paycheck
LIncome:Salary
CR
A1000 Corporate Blvd
ASan Jose, CA 95110
^
D03/25/2023
T-1422.63
PTransfer to Savings
MMonthly savings contribution
L[Emergency Savings]
CR
^
D03/28/2023
T-3270.03
PChase Bank
N1036
MCredit card payment
L[Chase Sapphire]
CR
^
D04/01/2023
T-2200.00
PBay Area Property Management
N1010
MRent for April 2023
LHousing:Rent
CR
A789 Property Lane
AOakland, CA 94612
^
D04/02/2023
T-163.75
PTrader Joe's
LFood:Groceries
Cc
A456 Grocery Ave
ASan Francisco, CA 94103
^
D04/06/2023
T4500.00
PAcme Corporation
MBi-weekly paycheck
LIncome:Salary
CR
A1000 Corporate Blvd
ASan Jose, CA 95110
^
D04/06/2023
T-129.42
PWhole Foods Market
LFood:Groceries
CR
A123 Market St
ASan Francisco, CA 94102
^
D04/11/2023
T-40.00
PATM Withdrawal
MCash withdrawal
L[Petty Cash]
CR
^
D04/14/2023
T-178.69
PTarget
LFood:Groceries
CR
^
D04/15/2023
T-133.84
PPG&E
LUtilities:Electric
CR
APO Box 997300
ASacramento, CA 95899
^
D04/15/2023
T-104.49
PAT&T Wireless
LUtilities:Phone
CR
^
D04/15/2023
T-88.17
PCostco
LFood:Groceries
CR
^
D04/19/2023
T-84.70
PComcast Xfinity
LUtilities:Internet
CR
^
D04/20/2023
T4500.00
PAcme Corporation
MBi-weekly paycheck
LIncome:Salary
CR
A1000 Corporate Blvd
ASan Jose, CA 95110
^
D04/21/2023
T-56.86
PTarget
LFood:Groceries
CR
^
D04/23/2023
T-200.00
PATM Withdrawal
MCash withdrawal
L[Petty Cash]
CR
^
D04/24/2023
T-152.19
PState Farm Insurance
LHousing:Insurance
CR
^
D04/25/2023
T-585.81
PTransfer to Savings
MMonthly savings contribution
L[Emergency Savings]
CR
^
D04/27/2023
T-152.59
PTarget
LFood:Groceries
CR
^
D04/28/2023
T-2490.44
PChase Bank
N1037
MCredit card payment
L[Chase Sapphire]
CR
^
D05/03/2023
T-102.44
PCostco
LFood:Groceries
CR
^
D05/04/2023
T4500.00
PAcme Corporation
MBi-weekly paycheck
LIncome:Salary
CR
A1000 Corporate Blvd
ASan Jose, CA 95110
^
D05/07/2023
T-135.87
PSafeway
LFood:Groceries
CR
^
D05/13/2023
T-43.92
PTarget
LFood:Groceries
CR
^
D05/15/2023
T-146.63
PState Farm Insurance
LHousing:Insurance
CR
^
D05/17/2023
T-97.19
PAT&T Wireless
LUtilities:Phone
CR
^
D05/18/2023
T4500.00
PAcme Corporation
MBi-weekly paycheck
LIncome:Salary
CR
A1000 Corporate Blvd
ASan Jose, CA 95110
^
D05/19/2023
T-82.10
PComcast Xfinity
LUtilities:Internet
CR
^
D05/20/2023
T-70.85
PSafeway
LFood:Groceries
CR
^
D05/21/2023
T-132.36
PPG&E
LUtilities:Electric
CR
APO Box 997300
ASacramento, CA 95899
^
D05/23/2023
T-137.67
PCostco
LFood:Groceries
CR
^
D05/25/2023
T-1332.48
PTransfer to Savings
MMonthly savings contribution
L[Emergency Savings]
CR
^
D05/28/2023
T-2191.78
PChase Bank
N1038
MCredit card payment
L[Chase Sapphire]
CR
^
D06/01/2023
T-2200.00
PBay Area Property Management
N1011
MRent for June 2023
LHousing:Rent
CR
A789 Property Lane
AOakland, CA 94612
^
D06/01/2023
T4500.00
PAcme Corporation
MBi-weekly paycheck
LIncome:Salary
CR
A1000 Corporate Blvd
ASan Jose, CA 95110
^
D06/05/2023
T-75.43
PTrader Joe's
LFood:Groceries
CR
A456 Grocery Ave
ASan Francisco, CA 94103
^
D06/08/2023
T-178.48
PWhole Foods Market
LFood:Groceries
Cc
A123 Market St
ASan Francisco, CA 94102
^
D06/11/2023
T-109.99
PWhole Foods Market
LFood:Groceries
A123 Market St
ASan Francisco, CA 94102
^
D06/15/2023
T4500.00
PAcme Corporation
MBi-weekly paycheck
LIncome:Salary
CR
A1000 Corporate Blvd
ASan Jose, CA 95110
^
D06/17/2023
T-83.21
PComcast Xfinity
LUtilities:Internet
CR
^
D06/17/2023
T-102.07
PAT&T Wireless
LUtilities:Phone
CR
^
D06/17/2023
T-54.44
PTarget
LFood:Groceries
CR
^
D06/20/2023
T-134.88
PCostco
LFood:Groceries
CR
^
D06/23/2023
T-145.14
PState Farm Insurance
LHousing:Insurance
CR
^
D06/24/2023
T-143.44
PPG&E
LUtilities:Electric
CR
APO Box 997300
ASacramento, CA 95899
^
D06/25/2023
T-1002.91
PTransfer to Savings
MMonthly savings contribution
L[Emergency Savings]
CR
^
D06/28/2023
T-2777.66
PChase Bank
N1039
MCredit card payment
L[Chase Sapphire]
CR
^
D06/28/2023
T-200.00
PATM Withdrawal
MCash withdrawal
L[Petty Cash]
CR
^
D06/29/2023
T4500.00
PAcme Corporation
MBi-weekly paycheck
LIncome:Salary
CR
A1000 Corporate Blvd
ASan Jose, CA 95110
^
D07/07/2023
T-77.85
PTrader Joe's
LFood:Groceries
CR
A456 Grocery Ave
ASan Francisco, CA 94103
^
D07/13/2023
T4500.00
PAcme Corporation
MBi-weekly paycheck
LIncome:Salary
CR
A1000 Corporate Blvd
ASan Jose, CA 95110
^
D07/15/2023
T-134.62
PPG&E
LUtilities:Electric
CR
APO Box 997300
ASacramento, CA 95899
^
D07/15/2023
T-83.98
PSafeway
LFood:Groceries
CR
^
D07/17/2023
T-102.64
PAT&T Wireless
LUtilities:Phone
CR
^
D07/22/2023
T-82.85
PComcast Xfinity
LUtilities:Internet
CR
^
D07/24/2023
T-143.40
PState Farm Insurance
LHousing:Insurance
CR
^
D07/24/2023
T-159.48
PCostco
LFood:Groceries
CR
^
D07/25/2023
T-1317.86
PTransfer to Savings
MMonthly savings contribution
L[Emergency Savings]
CR
^
D07/27/2023
T4500.00
PAcme Corporation
MBi-weekly paycheck
LIncome:Salary
CR
A1000 Corporate Blvd
ASan Jose, CA 95110
^
D07/28/2023
T-3360.92
PChase Bank
N1040
MCredit card payment
L[Chase Sapphire]
CR
^
D08/01/2023
T-2200.00
PBay Area Property Management
N1012
MRent for August 2023
LHousing:Rent
CR
A789 Property Lane
AOakland, CA 94612
^
D08/05/2023
T-40.00
PATM Withdrawal
MCash withdrawal
L[Petty Cash]
CR
^
D08/10/2023
T4500.00
PAcme Corporation
MBi-weekly paycheck
LIncome:Salary
CR
A1000 Corporate Blvd
ASan Jose, CA 95110
^
D08/10/2023
T-160.77
PTrader Joe's
LFood:Groceries
CR
A456 Grocery Ave
ASan Francisco, CA 94103
^
D08/12/2023
T-155.07
PTrader Joe's
LFood:Groceries
CR
A456 Grocery Ave
ASan Francisco, CA 94103
^
D08/15/2023
T-104.32
PPG&E
LUtilities:Electric
CR
APO Box 997300
ASacramento, CA 95899
^
D08/15/2023
T-126.77
PSafeway
LFood:Groceries
CR
^
D08/16/2023
T-81.71
PComcast Xfinity
LUtilities:Internet
CR
^
D08/17/2023
T-102.70
PAT&T Wireless
LUtilities:Phone
CR
^
D08/17/2023
T-141.12
PState Farm Insurance
LHousing:Insurance
CR
^
D08/24/2023
T4500.00
PAcme Corporation
MBi-weekly paycheck
LIncome:Salary
CR
A1000 Corporate Blvd
ASan Jose, CA 95110
^
D08/25/2023
T-1294.05
PTransfer to Savings
MMonthly savings contribution
L[Emergency Savings]
CR
^
D08/28/2023
T-2098.68
PChase Bank
N1041
MCredit card payment
L[Chase Sapphire]
CR
^
D09/01/2023
T-2200.00
PBay Area Property Management
N1013
MRent for September 2023
LHousing:Rent
CR
A789 Property Lane
AOakland, CA 94612
^
D09/07/2023
T4500.00
PAcme Corporation
MBi-weekly paycheck
LIncome:Salary
CR
A1000 Corporate Blvd
ASan Jose, CA 95110
^
D09/15/2023
T-83.91
PComcast Xfinity
LUtilities:Internet
CR
^
D09/15/2023
T-103.74
PAT&T Wireless
LUtilities:Phone
CR
^
D09/15/2023
T-154.04
PState Farm Insurance
LHousing:Insurance
CR
^
D09/16/2023
T-114.21
PPG&E
LUtilities:Electric
CR
APO Box 997300
ASacramento, CA 95899
^
D09/21/2023
T4500.00
PAcme Corporation
MBi-weekly paycheck
LIncome:Salary
CR
A1000 Corporate Blvd
ASan Jose, CA 95110
^
D09/25/2023
T-1460.11
PTransfer to Savings
MMonthly savings contribution
L[Emergency Savings]
CR
^
D09/26/2023
T-80.00
PATM Withdrawal
MCash withdrawal
L[Petty Cash]
CR
^
D09/28/2023
T-1790.53
PChase Bank
N1042
MCredit card payment
L[Chase Sapphire]
CR
^
D09/30/2023
T-84.54
PTrader Joe's
LFood:Groceries
CR
A456 Grocery Ave
ASan Francisco, CA 94103
^
D10/05/2023
T4500.00
PAcme Corporation
MBi-weekly paycheck
LIncome:Salary
CR
A1000 Corporate Blvd
ASan Jose, CA 95110
^
D10/12/2023
T-106.92
PWhole Foods Market
LFood:Groceries
CR
A123 Market St
ASan Francisco, CA 94102
^
D10/13/2023
T-92.45
PWhole Foods Market
LFood:Groceries
CR
A123 Market St
ASan Francisco, CA 94102
^
D10/16/2023
T-157.88
PPG&E
LUtilities:Electric
CR
APO Box 997300
ASacramento, CA 95899
^
D10/18/2023
T-81.27
PComcast Xfinity
LUtilities:Internet
CR
^
D10/19/2023
T4500.00
PAcme Corporation
MBi-weekly paycheck
LIncome:Salary
CR
A1000 Corporate Blvd
ASan Jose, CA 95110
^
D10/20/2023
T-99.27
PAT&T Wireless
LUtilities:Phone
CR
^
D10/21/2023
T-154.42
PState Farm Insurance
LHousing:Insurance
CR
^
D10/23/2023
T-78.70
PTrader Joe's
LFood:Groceries
CR
A456 Grocery Ave
ASan Francisco, CA 94103
^
D10/25/2023
T-1489.49
PTransfer to Savings
MMonthly savings contribution
L[Emergency Savings]
CR
^
D10/28/2023
T-1826.27
PChase Bank
N1043
MCredit card payment
L[Chase Sapphire]
CR
^
D11/01/2023
T-2200.00
PBay Area Property Management
N1014
MRent for November 2023
LHousing:Rent
CR
A789 Property Lane
AOakland, CA 94612
^
D11/02/2023
T4500.00
PAcme Corporation
MBi-weekly paycheck
LIncome:Salary
CR
A1000 Corporate Blvd
ASan Jose, CA 95110
^
D11/03/2023
T-102.89
PSafeway
LFood:Groceries
CR
^
D11/05/2023
T-149.16
PSafeway
LFood:Groceries
Cc
^
D11/09/2023
T-135.75
PTrader Joe's
LFood:Groceries
CR
A456 Grocery Ave
ASan Francisco, CA 94103
^
D11/16/2023
T4500.00
PAcme Corporation
MBi-weekly paycheck
LIncome:Salary
CR
A1000 Corporate Blvd
ASan Jose, CA 95110
^
D11/18/2023
T-82.63
PComcast Xfinity
LUtilities:Internet
CR
^
D11/18/2023
T-141.09
PState Farm Insurance
LHousing:Insurance
CR
^
D11/19/2023
T-169.69
PWhole Foods Market
LFood:Groceries
CR
A123 Market St
ASan Francisco, CA 94102
^
D11/21/2023
T-121.05
PPG&E
LUtilities:Electric
CR
APO Box 997300
ASacramento, CA 95899
^
D11/22/2023
T-104.15
PAT&T Wireless
LUtilities:Phone
CR
^
D11/25/2023
T-1323.88
PTransfer to Savings
MMonthly savings contribution
L[Emergency Savings]
CR
^
D11/28/2023
T-3015.73
PChase Bank
N1044
MCredit card payment
L[Chase Sapphire]
CR
^
D11/30/2023
T4500.00
PAcme Corporation
MBi-weekly paycheck
LIncome:Salary
CR
A1000 Corporate Blvd
ASan Jose, CA 95110
^
D11/30/2023
T-157.15
PTrader Joe's
LFood:Groceries
CR
A456 Grocery Ave
ASan Francisco, CA 94103
^
D12/08/2023
T-124.97
PWhole Foods Market
LFood:Groceries
CR
A123 Market St
ASan Francisco, CA 94102
^
D12/14/2023
T4500.00
PAcme Corporation
MBi-weekly paycheck
LIncome:Salary
CR
A1000 Corporate Blvd
ASan Jose, CA 95110
^
D12/15/2023
T-169.05
PPG&E
LUtilities:Electric
CR
APO Box 997300
ASacramento, CA 95899
^
D12/19/2023
T-80.00
PATM Withdrawal
MCash withdrawal
L[Petty Cash]
CR
^
D12/20/2023
T-82.44
PComcast Xfinity
LUtilities:Internet
CR
^
D12/21/2023
T-124.17
PCostco
LFood:Groceries
CR
^
D12/23/2023
T-103.24
PAT&T Wireless
LUtilities:Phone
CR
^
D12/23/2023
T-157.33
PState Farm Insurance
LHousing:Insurance
CR
^
D12/25/2023
T-1388.43
PTransfer to Savings
MMonthly savings contribution
L[Emergency Savings]
CR
^
D12/28/2023
T-1889.54
PChase Bank
N1045
MCredit card payment
L[Chase Sapphire]
CR
^
D12/28/2023
T4500.00
PAcme Corporation
MBi-weekly paycheck
LIncome:Salary
CR
A1000 Corporate Blvd
ASan Jose, CA 95110
^
D12/29/2023
T-140.28
PWhole Foods Market
LFood:Groceries
CR
A123 Market St
ASan Francisco, CA 94102
^
D01/01/2024
T-2200.00
PBay Area Property Management
N1015
MRent for January 2024
LHousing:Rent
CR
A789 Property Lane
AOakland, CA 94612
^
D01/11/2024
T4500.00
PAcme Corporation
MBi-weekly paycheck
LIncome:Salary
CR
A1000 Corporate Blvd
ASan Jose, CA 95110
^
D01/15/2024
T-119.42
PPG&E
LUtilities:Electric
CR
APO Box 997300
ASacramento, CA 95899
^
D01/15/2024
T-45.89
PCostco
LFood:Groceries
CR
^
D01/16/2024
T-151.25
PSafeway
LFood:Groceries
CR
^
D01/19/2024
T-79.22
PComcast Xfinity
LUtilities:Internet
CR
^
D01/19/2024
T-101.78
PAT&T Wireless
LUtilities:Phone
CR
^
D01/20/2024
T-100.00
PATM Withdrawal
MCash withdrawal
L[Petty Cash]
CR
^
D01/21/2024
T-156.86
PState Farm Insurance
LHousing:Insurance
CR
^
D01/25/2024
T-1463.63
PTransfer to Savings
MMonthly savings contribution
L[Emergency Savings]
CR
^
D01/25/2024
T4500.00
PAcme Corporation
MBi-weekly paycheck
LIncome:Salary
CR
A1000 Corporate Blvd
ASan Jose, CA 95110
^
D01/28/2024
T-3115.53
PChase Bank
N1046
MCredit card payment
L[Chase Sapphire]
CR
^
D02/01/2024
T-2200.00
PBay Area Property Management
N1016
MRent for February 2024
LHousing:Rent
CR
A789 Property Lane
AOakland, CA 94612
^
D02/08/2024
T4500.00
PAcme Corporation
MBi-weekly paycheck
LIncome:Salary
CR
A1000 Corporate Blvd
ASan Jose, CA 95110
^
D02/10/2024
T-200.00
PATM Withdrawal
MCash withdrawal
L[Petty Cash]
CR
^
D02/12/2024
T-111.50
PTarget
LFood:Groceries
Cc
^
D02/15/2024
T-83.92
PComcast Xfinity
LUtilities:Internet
CR
^
D02/16/2024
T-143.36
PState Farm Insurance
LHousing:Insurance
CR
^
D02/20/2024
T-98.07
PAT&T Wireless
LUtilities:Phone
CR
^
D02/20/2024
T-100.30
PTarget
LFood:Groceries
CR
^
D02/21/2024
T-146.44
PPG&E
LUtilities:Electric
CR
APO Box 997300
ASacramento, CA 95899
^
D02/21/2024
T-50.13
PTrader Joe's
LFood:Groceries
CR
A456 Grocery Ave
ASan Francisco, CA 94103
^
D02/22/2024
T4500.00
PAcme Corporation
MBi-weekly paycheck
LIncome:Salary
CR
A1000 Corporate Blvd
ASan Jose, CA 95110
^
D02/24/2024
T-86.20
PWhole Foods Market
LFood:Groceries
CR
A123 Market St
ASan Francisco, CA 94102
^
D02/25/2024
T-524.80
PTransfer to Savings
MMonthly savings contribution
L[Emergency Savings]
CR
^
D02/25/2024
T-143.82
PWhole Foods Market
LFood:Groceries
CR
A123 Market St
ASan Francisco, CA 94102
^
D02/27/2024
T-154.60
PTrader Joe's
LFood:Groceries
CR
A456 Grocery Ave
ASan Francisco, CA 94103
^
D02/28/2024
T-2520.74
PChase Bank
N1047
MCredit card payment
L[Chase Sapphire]
CR
^
D03/07/2024
T4500.00
PAcme Corporation
MBi-weekly paycheck
LIncome:Salary
CR
A1000 Corporate Blvd
ASan Jose, CA 95110
^
D03/08/2024
T-102.31
PTarget
LFood:Groceries
CR
^
D03/14/2024
T14149.40
PAcme Corporation
M2024 Annual bonus
LIncome:Bonus
CR
A1000 Corporate Blvd
ASan Jose, CA 95110
^
D03/15/2024
T-98.57
PPG&E
LUtilities:Electric
CR
APO Box 997300
ASacramento, CA 95899
^
D03/16/2024
T-101.87
PAT&T Wireless
LUtilities:Phone
CR
^
D03/16/2024
T-143.49
PState Farm Insurance
LHousing:Insurance
CR
^
D03/20/2024
T-66.94
PWhole Foods Market
LFood:Groceries
Cc
A123 Market St
ASan Francisco, CA 94102
^
D03/21/2024
T4500.00
PAcme Corporation
MBi-weekly paycheck
LIncome:Salary
CR
A1000 Corporate Blvd
ASan Jose, CA 95110
^
D03/22/2024
T-79.46
PComcast Xfinity
LUtilities:Internet
CR
^
D03/25/2024
T-896.49
PTransfer to Savings
MMonthly savings contribution
L[Emergency Savings]
CR
^
D03/28/2024
T-2126.23
PChase Bank
N1048
MCredit card payment
L[Chase Sapphire]
CR
^
D03/30/2024
T-136.38
PTrader Joe's
LFood:Groceries
CR
A456 Grocery Ave
ASan Francisco, CA 94103
^
D04/01/2024
T-2200.00
PBay Area Property Management
N1017
MRent for April 2024
LHousing:Rent
CR
A789 Property Lane
AOakland, CA 94612
^
D04/04/2024
T4500.00
PAcme Corporation
MBi-weekly paycheck
LIncome:Salary
CR
A1000 Corporate Blvd
ASan Jose, CA 95110
^
D04/07/2024
T-107.48
PTrader Joe's
LFood:Groceries
CR
A456 Grocery Ave
ASan Francisco, CA 94103
^
D04/13/2024
T-96.63
PCostco
LFood:Groceries
CR
^
D04/14/2024
T-166.05
PSafeway
LFood:Groceries
CR
^
D04/15/2024
T-94.57
PPG&E
LUtilities:Electric
CR
APO Box 997300
ASacramento, CA 95899
^
D04/16/2024
T-80.46
PTrader Joe's
LFood:Groceries
CR
A456 Grocery Ave
ASan Francisco, CA 94103
^
D04/18/2024
T-98.80
PAT&T Wireless
LUtilities:Phone
CR
^
D04/18/2024
T4500.00
PAcme Corporation
MBi-weekly paycheck
LIncome:Salary
CR
A1000 Corporate Blvd
ASan Jose, CA 95110
^
D04/18/2024
T-140.12
PTarget
LFood:Groceries
Cc
^
D04/21/2024
T-147.62
PState Farm Insurance
LHousing:Insurance
CR
^
D04/21/2024
T-133.12
PTarget
LFood:Groceries
CR
^
D04/23/2024
T-83.48
PComcast Xfinity
LUtilities:Internet
CR
^
D04/25/2024
T-1434.67
PTransfer to Savings
MMonthly savings contribution
L[Emergency Savings]
CR
^
D04/28/2024
T-2552.59
PChase Bank
N1049
MCredit card payment
L[Chase Sapphire]
CR
^
D04/28/2024
T-46.42
PWhole Foods Market
LFood:Groceries
CR
A123 Market St
ASan Francisco, CA 94102
^
D04/29/2024
T-167.69
PWhole Foods Market
LFood:Groceries
A123 Market St
ASan Francisco, CA 94102
^
D05/01/2024
T-65.40
PSafeway
LFood:Groceries
CR
^
D05/02/2024
T4500.00
PAcme Corporation
MBi-weekly paycheck
LIncome:Salary
CR
A1000 Corporate Blvd
ASan Jose, CA 95110
^
D05/15/2024
T-95.45
PAT&T Wireless
LUtilities:Phone
CR
^
D05/15/2024
T-147.08
PState Farm Insurance
LHousing:Insurance
CR
^
D05/16/2024
T4500.00
PAcme Corporation
MBi-weekly paycheck
LIncome:Salary
CR
A1000 Corporate Blvd
ASan Jose, CA 95110
^
D05/21/2024
T-162.52
PPG&E
LUtilities:Electric
CR
APO Box 997300
ASacramento, CA 95899
^
D05/21/2024
T-81.46
PComcast Xfinity
LUtilities:Internet
CR
^
D05/22/2024
T-136.21
PSafeway
LFood:Groceries
CR
^
D05/23/2024
T-45.38
PTrader Joe's
LFood:Groceries
CR
A456 Grocery Ave
ASan Francisco, CA 94103
^
D05/25/2024
T-830.18
PTransfer to Savings
MMonthly savings contribution
L[Emergency Savings]
CR
^
D05/28/2024
T-1845.04
PChase Bank
N1050
MCredit card payment
L[Chase Sapphire]
CR
^
D05/30/2024
T4500.00
PAcme Corporation
MBi-weekly paycheck
LIncome:Salary
CR
A1000 Corporate Blvd
ASan Jose, CA 95110
^
D06/01/2024
T-2200.00
PBay Area Property Management
N1018
MRent for June 2024
LHousing:Rent
CR
A789 Property Lane
AOakland, CA 94612
^
D06/01/2024
T-113.21
PCostco
LFood:Groceries
CR
^
D06/13/2024
T4500.00
PAcme Corporation
MBi-weekly paycheck
LIncome:Salary
CR
A1000 Corporate Blvd
ASan Jose, CA 95110
^
D06/13/2024
T-82.23
PTrader Joe's
LFood:Groceries
CR
A456 Grocery Ave
ASan Francisco, CA 94103
^
D06/16/2024
T-86.73
PSafeway
LFood:Groceries
CR
^
D06/17/2024
T-148.40
PState Farm Insurance
LHousing:Insurance
CR
^
D06/18/2024
T-95.94
PAT&T Wireless
LUtilities:Phone
CR
^
D06/18/2024
T-66.31
PSafeway
LFood:Groceries
CR
^
D06/20/2024
T-97.84
PPG&E
LUtilities:Electric
CR
APO Box 997300
ASacramento, CA 95899
^
D06/22/2024
T-83.13
PComcast Xfinity
LUtilities:Internet
CR
^
D06/25/2024
T-1228.83
PTransfer to Savings
MMonthly savings contribution
L[Emergency Savings]
CR
^
D06/27/2024
T4500.00
PAcme Corporation
MBi-weekly paycheck
LIncome:Salary
CR
A1000 Corporate Blvd
ASan Jose, CA 95110
^
D06/28/2024
T-2333.45
PChase Bank
N1051
MCredit card payment
L[Chase Sapphire]
CR
^
D06/30/2024
T-116.22
PTrader Joe's
LFood:Groceries
A456 Grocery Ave
ASan Francisco, CA 94103
^
D07/01/2024
T-142.70
PCostco
LFood:Groceries
CR
^
D07/08/2024
T-109.94
PTarget
LFood:Groceries
Cc
^
D07/11/2024
T4500.00
PAcme Corporation
MBi-weekly paycheck
LIncome:Salary
CR
A1000 Corporate Blvd
ASan Jose, CA 95110
^
D07/16/2024
T-153.98
PState Farm Insurance
LHousing:Insurance
CR
^
D07/19/2024
T-103.79
PAT&T Wireless
LUtilities:Phone
CR
^
D07/21/2024
T-84.11
PComcast Xfinity
LUtilities:Internet
CR
^
D07/22/2024
T-96.31
PPG&E
LUtilities:Electric
CR
APO Box 997300
ASacramento, CA 95899
^
D07/24/2024
T-62.94
PTarget
LFood:Groceries
CR
^
D07/25/2024
T-582.55
PTransfer to Savings
MMonthly savings contribution
L[Emergency Savings]
CR
^
D07/25/2024
T4500.00
PAcme Corporation
MBi-weekly paycheck
LIncome:Salary
CR
A1000 Corporate Blvd
ASan Jose, CA 95110
^
D07/28/2024
T-2175.69
PChase Bank
N1052
MCredit card payment
L[Chase Sapphire]
CR
^
D08/01/2024
T-2200.00
PBay Area Property Management
N1019
MRent for August 2024
LHousing:Rent
CR
A789 Property Lane
AOakland, CA 94612
^
D08/08/2024
T4500.00
PAcme Corporation
MBi-weekly paycheck
LIncome:Salary
CR
A1000 Corporate Blvd
ASan Jose, CA 95110
^
D08/16/2024
T-177.27
PPG&E
LUtilities:Electric
CR
APO Box 997300
ASacramento, CA 95899
^
D08/18/2024
T-100.81
PAT&T Wireless
LUtilities:Phone
CR
^
D08/20/2024
T-83.46
PComcast Xfinity
LUtilities:Internet
CR
^
D08/21/2024
T-92.82
PWhole Foods Market
LFood:Groceries
CR
A123 Market St
ASan Francisco, CA 94102
^
D08/22/2024
T-159.20
PState Farm Insurance
LHousing:Insurance
CR
^
D08/22/2024
T4500.00
PAcme Corporation
MBi-weekly paycheck
LIncome:Salary
CR
A1000 Corporate Blvd
ASan Jose, CA 95110
^
D08/25/2024
T-886.60
PTransfer to Savings
MMonthly savings contribution
L[Emergency Savings]
CR
^
D08/28/2024
T-1519.14
PChase Bank
N1053
MCredit card payment
L[Chase Sapphire]
CR
^
D08/31/2024
T-107.53
PWhole Foods Market
LFood:Groceries
Cc
A123 Market St
ASan Francisco, CA 94102
^
D09/01/2024
T-2200.00
PBay Area Property Management
N1020
MRent for September 2024
LHousing:Rent
CR
A789 Property Lane
AOakland, CA 94612
^
D09/03/2024
T-91.36
PCostco
LFood:Groceries
CR
^
D09/05/2024
T4500.00
PAcme Corporation
MBi-weekly paycheck
LIncome:Salary
CR
A1000 Corporate Blvd
ASan Jose, CA 95110
^
D09/06/2024
T-87.54
PCostco
LFood:Groceries
CR
^
D09/15/2024
T-86.62
PPG&E
LUtilities:Electric
CR
APO Box 997300
ASacramento, CA 95899
^
D09/18/2024
T-96.96
PAT&T Wireless
LUtilities:Phone
CR
^
D09/19/2024
T4500.00
PAcme Corporation
MBi-weekly paycheck
LIncome:Salary
CR
A1000 Corporate Blvd
ASan Jose, CA 95110
^
D09/20/2024
T-80.81
PComcast Xfinity
LUtilities:Internet
CR
^
D09/21/2024
T-143.51
PState Farm Insurance
LHousing:Insurance
CR
^
D09/25/2024
T-1059.60
PTransfer to Savings
MMonthly savings contribution
L[Emergency Savings]
CR
^
D09/28/2024
T-2649.17
PChase Bank
N1054
MCredit card payment
L[Chase Sapphire]
CR
^
D10/03/2024
T4500.00
PAcme Corporation
MBi-weekly paycheck
LIncome:Salary
CR
A1000 Corporate Blvd
ASan Jose, CA 95110
^
D10/09/2024
T-69.53
PTrader Joe's
LFood:Groceries
CR
A456 Grocery Ave
ASan Francisco, CA 94103
^
D10/16/2024
T-152.94
PState Farm Insurance
LHousing:Insurance
CR
^
D10/17/2024
T-137.51
PPG&E
LUtilities:Electric
CR
APO Box 997300
ASacramento, CA 95899
^
D10/17/2024
T4500.00
PAcme Corporation
MBi-weekly paycheck
LIncome:Salary
CR
A1000 Corporate Blvd
ASan Jose, CA 95110
^
D10/19/2024
T-80.43
PComcast Xfinity
LUtilities:Internet
CR
^
D10/19/2024
T-99.56
PAT&T Wireless
LUtilities:Phone
CR
^
D10/25/2024
T-888.79
PTransfer to Savings
MMonthly savings contribution
L[Emergency Savings]
CR
^
D10/28/2024
T-1557.82
PChase Bank
N1055
MCredit card payment
L[Chase Sapphire]
CR
^
D10/31/2024
T4500.00
PAcme Corporation
MBi-weekly paycheck
LIncome:Salary
CR
A1000 Corporate Blvd
ASan Jose, CA 95110
^
D11/01/2024
T-2200.00
PBay Area Property Management
N1021
MRent for November 2024
LHousing:Rent
CR
A789 Property Lane
AOakland, CA 94612
^
D11/04/2024
T-135.04
PWhole Foods Market
LFood:Groceries
CR
A123 Market St
ASan Francisco, CA 94102
^
D11/07/2024
T-178.42
PCostco
LFood:Groceries
CR
^
D11/14/2024
T4500.00
PAcme Corporation
MBi-weekly paycheck
LIncome:Salary
CR
A1000 Corporate Blvd
ASan Jose, CA 95110
^
D11/15/2024
T-84.16
PComcast Xfinity
LUtilities:Internet
CR
^
D11/16/2024
T-106.87
PTarget
LFood:Groceries
CR
^
D11/21/2024
T-147.87
PState Farm Insurance
LHousing:Insurance
CR
^
D11/22/2024
T-162.20
PPG&E
LUtilities:Electric
CR
APO Box 997300
ASacramento, CA 95899
^
D11/23/2024
T-102.34
PAT&T Wireless
LUtilities:Phone
CR
^
D11/25/2024
T-1160.92
PTransfer to Savings
MMonthly savings contribution
L[Emergency Savings]
CR
^
D11/28/2024
T-1613.09
PChase Bank
N1056
MCredit card payment
L[Chase Sapphire]
CR
^
D11/28/2024
T4500.00
PAcme Corporation
MBi-weekly paycheck
LIncome:Salary
CR
A1000 Corporate Blvd
ASan Jose, CA 95110
^
D12/04/2024
T-84.83
PTrader Joe's
LFood:Groceries
CR
A456 Grocery Ave
ASan Francisco, CA 94103
^
D12/06/2024
T-124.60
PTrader Joe's
LFood:Groceries
CR
A456 Grocery Ave
ASan Francisco, CA 94103
^
D12/12/2024
T4500.00
PAcme Corporation
MBi-weekly paycheck
LIncome:Salary
CR
A1000 Corporate Blvd
ASan Jose, CA 95110
^
D12/15/2024
T-170.48
PPG&E
LUtilities:Electric
CR
APO Box 997300
ASacramento, CA 95899
^
D12/17/2024
T-101.61
PAT&T Wireless
LUtilities:Phone
CR
^
D12/19/2024
T-158.89
PState Farm Insurance
LHousing:Insurance
CR
^
D12/20/2024
T-165.16
PWhole Foods Market
LFood:Groceries
CR
A123 Market St
ASan Francisco, CA 94102
^
D12/21/2024
T-84.85
PComcast Xfinity
LUtilities:Internet
CR
^
D12/25/2024
T-1393.11
PTransfer to Savings
MMonthly savings contribution
L[Emergency Savings]
CR
^
D12/25/2024
T-153.08
PTrader Joe's
LFood:Groceries
CR
A456 Grocery Ave
ASan Francisco, CA 94103
^
D12/26/2024
T4500.00
PAcme Corporation
MBi-weekly paycheck
LIncome:Salary
CR
A1000 Corporate Blvd
ASan Jose, CA 95110
^
D12/28/2024
T-1556.46
PChase Bank
N1057
MCredit card payment
L[Chase Sapphire]
CR
^
!Account
NChase Sapphire
TCCard
^
!Type:CCard
D12/31/2021
T-7.61
PStarbucks
LFood:Coffee
CR
^
D01/04/2022
T-7.99
PDisney+
LUtilities:Streaming
CR
^
D01/04/2022
T-39.36
PPizza Hut
LFood:Dining
CR
^
D01/04/2022
T-5.20
PStarbucks
LFood:Coffee
CR
^
D01/04/2022
T-68.74
PShell
LTransportation:Gas
^
D01/05/2022
T-7.03
PPeet's Coffee
LFood:Coffee
CR
^
D01/07/2022
T-10.99
PSpotify
LUtilities:Streaming
CR
^
D01/07/2022
T-14.99
PAmazon
LPersonal:Subscriptions
CR
A410 Terry Ave N
ASeattle, WA 98109
^
D01/08/2022
T-15.99
PNetflix
LUtilities:Streaming
CR
^
D01/08/2022
T-169.82
PWhole Foods Market
LFood:Groceries
CR
A123 Market St
ASan Francisco, CA 94102
^
D01/08/2022
T-42.94
PChevron
LTransportation:Gas
CR
^
D01/09/2022
T-16.76
PChipotle Mexican Grill
LFood:Dining
CR
^
D01/10/2022
T-4.03
PPeet's Coffee
LFood:Coffee
CR
^
D01/11/2022
T-6.82
PPeet's Coffee
LFood:Coffee
CR
^
D01/13/2022
T-46.83
PDoorDash
LFood:Dining
CR
^
D01/13/2022
T-7.78
PStarbucks
LFood:Coffee
CR
^
D01/13/2022
T-97.61
PNordstrom
LPersonal:Clothing
CR
^
D01/14/2022
T-28.08
PPizza Hut
LFood:Dining
CR
^
D01/14/2022
T-43.69
PChevron
LTransportation:Gas
CR
^
D01/16/2022
T-145.42
PWhole Foods Market
LFood:Groceries
CR
A123 Market St
ASan Francisco, CA 94102
^
D01/17/2022
T-57.68
PUber Eats
LFood:Dining
CR
^
D01/17/2022
T-6.97
PStarbucks
LFood:Coffee
CR
^
D01/18/2022
T-18.26
PPizza Hut
LFood:Dining
CR
^
D01/19/2022
T-46.95
PUber Eats
LFood:Dining
CR
^
D01/19/2022
T-5.32
PPeet's Coffee
LFood:Coffee
CR
^
D01/20/2022
T-6.10
PPeet's Coffee
LFood:Coffee
CR
^
D01/21/2022
T-154.10
PCostco
LFood:Groceries
CR
^
D01/21/2022
T-19.96
PThai Basil Restaurant
LFood:Dining
CR
^
D01/21/2022
T-5.83
PPeet's Coffee
LFood:Coffee
CR
^
D01/21/2022
T-66.11
PREI
LEntertainment:Sports
CR
^
D01/22/2022
T-79.38
PTarget
LFood:Groceries
CR
^
D01/22/2022
T-35.43
PUber
LTransportation:Rideshare
^
D01/23/2022
T-84.19
PWhole Foods Market
LFood:Groceries
CR
A123 Market St
ASan Francisco, CA 94102
^
D01/23/2022
T-58.24
PDoorDash
LFood:Dining
CR
^
D01/24/2022
T-56.18
PCostco
LFood:Groceries
CR
^
D01/24/2022
T-17.12
PChipotle Mexican Grill
LFood:Dining
CR
^
D01/24/2022
T-7.37
PStarbucks
LFood:Coffee
CR
^
D01/25/2022
T-5.11
PPeet's Coffee
LFood:Coffee
CR
^
D01/25/2022
T-54.46
P76 Station
LTransportation:Gas
CR
^
D01/26/2022
T-168.85
PSafeway
LFood:Groceries
CR
^
D01/26/2022
T-24.60
PThai Basil Restaurant
LFood:Dining
CR
^
D01/27/2022
T-7.86
PStarbucks
LFood:Coffee
CR
^
D01/27/2022
T2428.06
PPayment from Checking
MPayment received
L[Primary Checking]
CR
^
D01/28/2022
T-57.07
PUber Eats
LFood:Dining
CR
^
D01/29/2022
T-113.94
PWhole Foods Market
LFood:Groceries
CR
A123 Market St
ASan Francisco, CA 94102
^
D01/29/2022
T-114.46
PNordstrom
LPersonal:Clothing
CR
^
D01/30/2022
T-12.21
PPizza Hut
LFood:Dining
CR
^
D02/01/2022
T-34.53
PPizza Hut
LFood:Dining
^
D02/01/2022
T-4.28
PPeet's Coffee
LFood:Coffee
^
D02/02/2022
T-64.12
PUber Eats
LFood:Dining
CR
^
D02/03/2022
T-62.55
PUber Eats
LFood:Dining
CR
^
D02/03/2022
T-7.04
PPeet's Coffee
LFood:Coffee
CR
^
D02/04/2022
T-37.33
PPizza Hut
LFood:Dining
CR
^
D02/05/2022
T-10.99
PSpotify
LUtilities:Streaming
CR
^
D02/05/2022
T-7.99
PDisney+
LUtilities:Streaming
CR
^
D02/06/2022
T-152.02
PWhole Foods Market
LFood:Groceries
Cc
A123 Market St
ASan Francisco, CA 94102
^
D02/06/2022
T-53.46
PThai Basil Restaurant
LFood:Dining
CR
^
D02/06/2022
T-74.09
PChevron
LTransportation:Gas
Cc
^
D02/06/2022
T-42.83
PUber
LTransportation:Rideshare
CR
^
D02/07/2022
T-41.59
PChipotle Mexican Grill
LFood:Dining
CR
^
D02/08/2022
T-14.99
PAmazon
LPersonal:Subscriptions
CR
A410 Terry Ave N
ASeattle, WA 98109
^
D02/08/2022
T-5.26
PPeet's Coffee
LFood:Coffee
CR
^
D02/09/2022
T-15.99
PNetflix
LUtilities:Streaming
CR
^
D02/09/2022
T-124.16
PWhole Foods Market
LFood:Groceries
CR
A123 Market St
ASan Francisco, CA 94102
^
D02/09/2022
T-22.41
PPizza Hut
LFood:Dining
CR
^
D02/10/2022
T-7.60
PStarbucks
LFood:Coffee
CR
^
D02/12/2022
T-54.72
PTarget
LFood:Groceries
CR
^
D02/13/2022
T-128.25
PTrader Joe's
LFood:Groceries
CR
A456 Grocery Ave
ASan Francisco, CA 94103
^
D02/13/2022
T-21.57
PUber
LTransportation:Rideshare
CR
^
D02/14/2022
T-19.56
PChipotle Mexican Grill
LFood:Dining
CR
^
D02/14/2022
T-5.71
PStarbucks
LFood:Coffee
CR
^
D02/15/2022
T-16.06
PChipotle Mexican Grill
LFood:Dining
CR
^
D02/15/2022
T-5.84
PStarbucks
LFood:Coffee
CR
^
D02/16/2022
T-27.74
PThai Basil Restaurant
LFood:Dining
CR
^
D02/16/2022
T-6.63
PStarbucks
LFood:Coffee
CR
^
D02/17/2022
T-4.18
PStarbucks
LFood:Coffee
CR
^
D02/17/2022
T-74.91
P76 Station
LTransportation:Gas
CR
^
D02/18/2022
T-53.62
PCostco
LFood:Groceries
CR
^
D02/18/2022
T-63.46
PPizza Hut
LFood:Dining
CR
^
D02/18/2022
T-7.64
PPeet's Coffee
LFood:Coffee
CR
^
D02/19/2022
T-57.00
PChipotle Mexican Grill
LFood:Dining
CR
^
D02/19/2022
T-32.07
PLyft
LTransportation:Rideshare
CR
^
D02/20/2022
T-59.04
PThai Basil Restaurant
LFood:Dining
CR
^
D02/20/2022
T-65.83
P76 Station
LTransportation:Gas
^
D02/20/2022
T-34.35
PNordstrom
LPersonal:Clothing
CR
^
D02/21/2022
T-5.09
PPeet's Coffee
LFood:Coffee
CR
^
D02/22/2022
T-6.00
PStarbucks
LFood:Coffee
CR
^
D02/23/2022
T-6.92
PStarbucks
LFood:Coffee
CR
^
D02/25/2022
T-16.84
PDoorDash
LFood:Dining
CR
^
D02/27/2022
T-24.28
PThai Basil Restaurant
LFood:Dining
CR
^
D02/27/2022
T-42.42
PLyft
LTransportation:Rideshare
CR
^
D02/28/2022
T3352.03
PPayment from Checking
MPayment received
L[Primary Checking]
CR
^
D02/28/2022
T-73.82
PDoorDash
LFood:Dining
CR
^
D03/01/2022
T-21.88
PUber Eats
LFood:Dining
CR
^
D03/02/2022
T-40.91
PUber Eats
LFood:Dining
CR
^
D03/02/2022
T-7.03
PStarbucks
LFood:Coffee
CR
^
D03/03/2022
T-49.26
PDoorDash
LFood:Dining
CR
^
D03/03/2022
T-4.57
PPeet's Coffee
LFood:Coffee
CR
^
D03/04/2022
T-49.07
PShell
LTransportation:Gas
CR
^
D03/05/2022
T-15.99
PNetflix
LUtilities:Streaming
CR
^
D03/06/2022
T-7.99
PDisney+
LUtilities:Streaming
CR
^
D03/06/2022
T-30.25
PChipotle Mexican Grill
LFood:Dining
CR
^
D03/07/2022
T-53.26
PThai Basil Restaurant
LFood:Dining
CR
^
D03/07/2022
T-4.09
PPeet's Coffee
LFood:Coffee
CR
^
D03/08/2022
T-14.99
PAmazon
LPersonal:Subscriptions
CR
A410 Terry Ave N
ASeattle, WA 98109
^
D03/08/2022
T-44.43
PThai Basil Restaurant
LFood:Dining
CR
^
D03/08/2022
T-5.74
PPeet's Coffee
LFood:Coffee
CR
^
D03/09/2022
T-10.99
PSpotify
LUtilities:Streaming
CR
^
D03/09/2022
T-152.55
PTrader Joe's
LFood:Groceries
CR
A456 Grocery Ave
ASan Francisco, CA 94103
^
D03/09/2022
T-6.69
PStarbucks
LFood:Coffee
^
D03/10/2022
T-7.28
PPeet's Coffee
LFood:Coffee
CR
^
D03/12/2022
T-94.17
PWhole Foods Market
LFood:Groceries
A123 Market St
ASan Francisco, CA 94102
^
D03/12/2022
T-24.20
PLyft
LTransportation:Rideshare
CR
^
D03/13/2022
T-137.70
PWhole Foods Market
LFood:Groceries
CR
A123 Market St
ASan Francisco, CA 94102
^
D03/13/2022
T-63.48
PDoorDash
LFood:Dining
CR
^
D03/13/2022
T-16.34
PLyft
LTransportation:Rideshare
CR
^
D03/14/2022
T-4.80
PStarbucks
LFood:Coffee
CR
^
D03/16/2022
T-66.29
PTarget
LFood:Groceries
CR
^
D03/16/2022
T-5.65
PStarbucks
LFood:Coffee
CR
^
D03/17/2022
T-22.40
PUber Eats
LFood:Dining
Cc
^
D03/18/2022
T-19.40
PChipotle Mexican Grill
LFood:Dining
CR
^
D03/18/2022
T-4.56
PStarbucks
LFood:Coffee
CR
^
D03/19/2022
T-49.15
PUber Eats
LFood:Dining
CR
^
D03/19/2022
T-37.60
PLyft
LTransportation:Rideshare
CR
^
D03/20/2022
T-19.06
PThai Basil Restaurant
LFood:Dining
CR
^
D03/20/2022
T-58.73
PShell
LTransportation:Gas
CR
^
D03/21/2022
T-18.10
PChipotle Mexican Grill
LFood:Dining
CR
^
D03/22/2022
T-7.99
PPeet's Coffee
LFood:Coffee
CR
^
D03/23/2022
T-77.94
PWhole Foods Market
LFood:Groceries
CR
A123 Market St
ASan Francisco, CA 94102
^
D03/23/2022
T-5.85
PPeet's Coffee
LFood:Coffee
CR
^
D03/24/2022
T-86.98
PCostco
LFood:Groceries
CR
^
D03/24/2022
T-65.62
PThai Basil Restaurant
LFood:Dining
CR
^
D03/24/2022
T-5.36
PStarbucks
LFood:Coffee
CR
^
D03/25/2022
T-52.82
PPizza Hut
LFood:Dining
CR
^
D03/25/2022
T-5.22
PPeet's Coffee
LFood:Coffee
CR
^
D03/26/2022
T-63.56
PChipotle Mexican Grill
LFood:Dining
CR
^
D03/27/2022
T-40.23
PUber Eats
LFood:Dining
CR
^
D03/28/2022
T2930.37
PPayment from Checking
MPayment received
L[Primary Checking]
CR
^
D03/28/2022
T-103.06
PSafeway
LFood:Groceries
CR
^
D03/28/2022
T-70.79
PThai Basil Restaurant
LFood:Dining
CR
^
D03/28/2022
T-7.87
PPeet's Coffee
LFood:Coffee
CR
^
D03/30/2022
T-115.90
PApple Store
LPersonal:Education
CR
^
D03/31/2022
T-49.45
PWhole Foods Market
LFood:Groceries
A123 Market St
ASan Francisco, CA 94102
^
D03/31/2022
T-17.43
PThai Basil Restaurant
LFood:Dining
CR
^
D04/01/2022
T-5.96
PStarbucks
LFood:Coffee
CR
^
D04/01/2022
T-85.75
PBest Buy
LEntertainment:Games
CR
^
D04/02/2022
T-114.94
PSafeway
LFood:Groceries
CR
^
D04/02/2022
T-31.60
PUber Eats
LFood:Dining
CR
^
D04/03/2022
T-119.54
PTarget
MSplit purchase - groceries and household
CR
SFood:Groceries
$-83.68
SHousing:Maintenance
$-35.86
^
D04/04/2022
T-148.75
PTrader Joe's
LFood:Groceries
CR
A456 Grocery Ave
ASan Francisco, CA 94103
^
D04/04/2022
T-39.45
P76 Station
LTransportation:Gas
Cc
^
D04/05/2022
T-161.31
PSafeway
LFood:Groceries
CR
^
D04/05/2022
T-7.05
PStarbucks
LFood:Coffee
CR
^
D04/06/2022
T-14.99
PAmazon
LPersonal:Subscriptions
CR
A410 Terry Ave N
ASeattle, WA 98109
^
D04/06/2022
T-136.81
PCostco
LFood:Groceries
CR
^
D04/06/2022
T-65.79
PShell
LTransportation:Gas
CR
^
D04/07/2022
T-15.99
PNetflix
LUtilities:Streaming
CR
^
D04/07/2022
T-7.99
PDisney+
LUtilities:Streaming
CR
^
D04/07/2022
T-143.77
PSafeway
LFood:Groceries
CR
^
D04/07/2022
T-29.25
PDoorDash
LFood:Dining
CR
^
D04/07/2022
T-4.10
PPeet's Coffee
LFood:Coffee
CR
^
D04/08/2022
T-10.99
PSpotify
LUtilities:Streaming
CR
^
D04/10/2022
T-28.29
PUber Eats
LFood:Dining
CR
^
D04/10/2022
T-26.66
PUber
LTransportation:Rideshare
CR
^
D04/11/2022
T-138.25
PTrader Joe's
LFood:Groceries
CR
A456 Grocery Ave
ASan Francisco, CA 94103
^
D04/11/2022
T-6.34
PStarbucks
LFood:Coffee
CR
^
D04/12/2022
T-74.27
PChevron
LTransportation:Gas
CR
^
D04/13/2022
T-31.58
PDoorDash
LFood:Dining
CR
^
D04/14/2022
T-88.98
PWhole Foods Market
LFood:Groceries
CR
A123 Market St
ASan Francisco, CA 94102
^
D04/14/2022
T-6.78
PStarbucks
LFood:Coffee
CR
^
D04/15/2022
T-7.10
PPeet's Coffee
LFood:Coffee
CR
^
D04/16/2022
T-53.82
PCostco
LFood:Groceries
CR
^
D04/16/2022
T-42.92
PDoorDash
LFood:Dining
CR
^
D04/16/2022
T-44.20
PUber
LTransportation:Rideshare
CR
^
D04/17/2022
T-28.13
PDoorDash
LFood:Dining
CR
^
D04/18/2022
T-5.12
PPeet's Coffee
LFood:Coffee
CR
^
D04/19/2022
T-5.19
PStarbucks
LFood:Coffee
Cc
^
D04/20/2022
T-51.96
PUber Eats
LFood:Dining
CR
^
D04/21/2022
T-54.78
PCostco
LFood:Groceries
CR
^
D04/21/2022
T-42.30
PDoorDash
LFood:Dining
^
D04/21/2022
T-4.40
PStarbucks
LFood:Coffee
CR
^
D04/21/2022
T-72.32
PChevron
LTransportation:Gas
CR
^
D04/22/2022
T-166.61
PSafeway
LFood:Groceries
CR
^
D04/22/2022
T-71.53
PChipotle Mexican Grill
LFood:Dining
CR
^
D04/22/2022
T-6.70
PStarbucks
LFood:Coffee
CR
^
D04/23/2022
T-22.83
PThai Basil Restaurant
LFood:Dining
CR
^
D04/24/2022
T-141.22
PSafeway
LFood:Groceries
CR
^
D04/25/2022
T-25.62
PPizza Hut
LFood:Dining
CR
^
D04/25/2022
T-5.79
PStarbucks
LFood:Coffee
CR
^
D04/26/2022
T-57.92
PDoorDash
LFood:Dining
CR
^
D04/26/2022
T-6.99
PStarbucks
LFood:Coffee
CR
^
D04/27/2022
T-71.16
PWhole Foods Market
LFood:Groceries
CR
A123 Market St
ASan Francisco, CA 94102
^
D04/27/2022
T-25.93
PDoorDash
LFood:Dining
Cc
^
D04/28/2022
T2475.87
PPayment from Checking
MPayment received
L[Primary Checking]
CR
^
D04/28/2022
T-33.85
PPizza Hut
LFood:Dining
CR
^
D04/28/2022
T-6.97
PStarbucks
LFood:Coffee
CR
^
D04/29/2022
T-72.15
PChipotle Mexican Grill
LFood:Dining
CR
^
D04/29/2022
T-5.57
PStarbucks
LFood:Coffee
CR
^
D04/30/2022
T-26.63
PThai Basil Restaurant
LFood:Dining
CR
^
D04/30/2022
T-71.89
PShell
LTransportation:Gas
CR
^
D05/01/2022
T-59.22
PDoorDash
LFood:Dining
CR
^
D05/02/2022
T-28.93
PThai Basil Restaurant
LFood:Dining
CR
^
D05/03/2022
T-38.07
PUber Eats
LFood:Dining
CR
^
D05/03/2022
T-6.47
PPeet's Coffee
LFood:Coffee
CR
^
D05/04/2022
T-6.47
PPeet's Coffee
LFood:Coffee
CR
^
D05/05/2022
T-15.99
PNetflix
LUtilities:Streaming
CR
^
D05/05/2022
T-47.39
PSafeway
LFood:Groceries
CR
^
D05/05/2022
T-73.90
PPizza Hut
LFood:Dining
CR
^
D05/05/2022
T-5.91
PPeet's Coffee
LFood:Coffee
CR
^
D05/06/2022
T-169.67
PTarget
LFood:Groceries
CR
^
D05/06/2022
T-7.41
PStarbucks
LFood:Coffee
CR
^
D05/07/2022
T-7.99
PDisney+
LUtilities:Streaming
CR
^
D05/07/2022
T-118.19
PSafeway
LFood:Groceries
CR
^
D05/07/2022
T-12.66
PChipotle Mexican Grill
LFood:Dining
CR
^
D05/07/2022
T-71.85
PChevron
LTransportation:Gas
CR
^
D05/07/2022
T-22.32
PLyft
LTransportation:Rideshare
CR
^
D05/08/2022
T-10.99
PSpotify
LUtilities:Streaming
CR
^
D05/08/2022
T-14.99
PAmazon
LPersonal:Subscriptions
CR
A410 Terry Ave N
ASeattle, WA 98109
^
D05/08/2022
T-58.21
P76 Station
LTransportation:Gas
CR
^
D05/08/2022
T-44.79
PUber
LTransportation:Rideshare
CR
^
D05/09/2022
T-5.95
PPeet's Coffee
LFood:Coffee
CR
^
D05/10/2022
T-40.28
PChipotle Mexican Grill
LFood:Dining
CR
^
D05/11/2022
T-117.39
PSafeway
LFood:Groceries
CR
^
D05/11/2022
T-28.73
PDoorDash
LFood:Dining
^
D05/12/2022
T-102.20
PCostco
LFood:Groceries
^
D05/12/2022
T-42.61
PChipotle Mexican Grill
LFood:Dining
CR
^
D05/12/2022
T-31.16
PApple Store
LPersonal:Education
CR
^
D05/13/2022
T-51.09
PWhole Foods Market
LFood:Groceries
CR
A123 Market St
ASan Francisco, CA 94102
^
D05/13/2022
T-70.31
PChipotle Mexican Grill
LFood:Dining
CR
^
D05/13/2022
T-7.80
PPeet's Coffee
LFood:Coffee
CR
^
D05/14/2022
T-44.85
PSafeway
LFood:Groceries
CR
^
D05/14/2022
T-56.83
PChipotle Mexican Grill
LFood:Dining
CR
^
D05/14/2022
T-34.52
PLyft
LTransportation:Rideshare
CR
^
D05/15/2022
T-45.91
PTrader Joe's
LFood:Groceries
CR
A456 Grocery Ave
ASan Francisco, CA 94103
^
D05/15/2022
T-23.54
PDoorDash
LFood:Dining
CR
^
D05/15/2022
T-68.66
P76 Station
LTransportation:Gas
CR
^
D05/16/2022
T-43.93
PUber Eats
LFood:Dining
CR
^
D05/16/2022
T-174.94
PApple Store
LPersonal:Education
CR
^
D05/17/2022
T-5.31
PPeet's Coffee
LFood:Coffee
CR
^
D05/18/2022
T-41.47
PThai Basil Restaurant
LFood:Dining
CR
^
D05/18/2022
T-7.61
PStarbucks
LFood:Coffee
CR
^
D05/19/2022
T-4.96
PPeet's Coffee
LFood:Coffee
CR
^
D05/19/2022
T-56.25
PShell
LTransportation:Gas
CR
^
D05/20/2022
T-46.80
PTarget
LFood:Groceries
CR
^
D05/20/2022
T-27.90
PPizza Hut
LFood:Dining
CR
^
D05/20/2022
T-4.26
PStarbucks
LFood:Coffee
CR
^
D05/21/2022
T-36.56
PDoorDash
LFood:Dining
CR
^
D05/22/2022
T-72.71
PChevron
LTransportation:Gas
CR
^
D05/23/2022
T-165.38
PSafeway
LFood:Groceries
CR
^
D05/24/2022
T-70.08
PChipotle Mexican Grill
LFood:Dining
CR
^
D05/25/2022
T-62.56
PUber Eats
LFood:Dining
CR
^
D05/25/2022
T-5.78
PStarbucks
LFood:Coffee
CR
^
D05/27/2022
T-175.70
PTrader Joe's
LFood:Groceries
CR
A456 Grocery Ave
ASan Francisco, CA 94103
^
D05/27/2022
T-65.93
PChevron
LTransportation:Gas
CR
^
D05/28/2022
T3484.42
PPayment from Checking
MPayment received
L[Primary Checking]
CR
^
D05/28/2022
T-73.63
PDoorDash
LFood:Dining
CR
^
D05/29/2022
T-30.04
PDoorDash
LFood:Dining
CR
^
D05/29/2022
T-34.71
PLyft
LTransportation:Rideshare
Cc
^
D05/29/2022
T-184.46
PBest Buy
LEntertainment:Games
CR
^
D05/30/2022
T-34.17
PChipotle Mexican Grill
LFood:Dining
CR
^
D05/30/2022
T-5.68
PStarbucks
LFood:Coffee
CR
^
D05/31/2022
T-119.47
PTarget
LFood:Groceries
CR
^
D05/31/2022
T-6.08
PStarbucks
LFood:Coffee
CR
^
D06/01/2022
T-31.47
PThai Basil Restaurant
LFood:Dining
CR
^
D06/01/2022
T-4.41
PStarbucks
LFood:Coffee
CR
^
D06/02/2022
T-24.64
PPizza Hut
LFood:Dining
CR
^
D06/02/2022
T-5.29
PPeet's Coffee
LFood:Coffee
CR
^
D06/03/2022
T-7.84
PPeet's Coffee
LFood:Coffee
CR
^
D06/03/2022
T-38.25
PChevron
LTransportation:Gas
CR
^
D06/04/2022
T-151.55
PCostco
LFood:Groceries
CR
^
D06/04/2022
T-25.34
PUber Eats
LFood:Dining
CR
^
D06/05/2022
T-18.61
PChipotle Mexican Grill
LFood:Dining
CR
^
D06/06/2022
T-152.79
PTarget
LFood:Groceries
CR
^
D06/07/2022
T-71.58
PDoorDash
LFood:Dining
CR
^
D06/08/2022
T-15.99
PNetflix
LUtilities:Streaming
CR
^
D06/08/2022
T-10.99
PSpotify
LUtilities:Streaming
CR
^
D06/08/2022
T-47.84
PTrader Joe's
LFood:Groceries
CR
A456 Grocery Ave
ASan Francisco, CA 94103
^
D06/08/2022
T-71.01
PDoorDash
LFood:Dining
CR
^
D06/08/2022
T-5.74
PStarbucks
LFood:Coffee
CR
^
D06/09/2022
T-7.99
PDisney+
LUtilities:Streaming
CR
^
D06/09/2022
T-14.99
PAmazon
LPersonal:Subscriptions
CR
A410 Terry Ave N
ASeattle, WA 98109
^
D06/09/2022
T-6.52
PPeet's Coffee
LFood:Coffee
CR
^
D06/10/2022
T-13.71
PPizza Hut
LFood:Dining
CR
^
D06/10/2022
T-5.24
PPeet's Coffee
LFood:Coffee
CR
^
D06/11/2022
T-33.00
PChipotle Mexican Grill
LFood:Dining
CR
^
D06/12/2022
T-67.24
PTarget
LFood:Groceries
CR
^
D06/12/2022
T-59.97
PUber Eats
LFood:Dining
CR
^
D06/13/2022
T-4.54
PPeet's Coffee
LFood:Coffee
CR
^
D06/13/2022
T-74.14
P76 Station
LTransportation:Gas
CR
^
D06/14/2022
T-51.46
PThai Basil Restaurant
LFood:Dining
CR
^
D06/14/2022
T-6.88
PStarbucks
LFood:Coffee
CR
^
D06/15/2022
T-68.31
PShell
LTransportation:Gas
CR
^
D06/16/2022
T-73.49
PThai Basil Restaurant
LFood:Dining
CR
^
D06/16/2022
T-5.98
PStarbucks
LFood:Coffee
CR
^
D06/17/2022
T-114.46
PTrader Joe's
LFood:Groceries
CR
A456 Grocery Ave
ASan Francisco, CA 94103
^
D06/18/2022
T-46.69
PChipotle Mexican Grill
LFood:Dining
CR
^
D06/18/2022
T-37.87
PUber
LTransportation:Rideshare
CR
^
D06/19/2022
T-166.63
PWhole Foods Market
LFood:Groceries
CR
A123 Market St
ASan Francisco, CA 94102
^
D06/19/2022
T-108.95
PNordstrom
LPersonal:Clothing
CR
^
D06/20/2022
T-50.62
P76 Station
LTransportation:Gas
CR
^
D06/21/2022
T-6.27
PStarbucks
LFood:Coffee
Cc
^
D06/22/2022
T-7.91
PPeet's Coffee
LFood:Coffee
Cc
^
D06/22/2022
T-51.00
PChevron
LTransportation:Gas
CR
^
D06/23/2022
T-146.02
PTrader Joe's
LFood:Groceries
CR
A456 Grocery Ave
ASan Francisco, CA 94103
^
D06/23/2022
T-71.99
PUber Eats
LFood:Dining
CR
^
D06/23/2022
T-6.14
PPeet's Coffee
LFood:Coffee
CR
^
D06/24/2022
T-5.72
PStarbucks
LFood:Coffee
CR
^
D06/24/2022
T-78.37
PKaiser Permanente
MMedical expense
LHealthcare:Doctor
CR
^
D06/25/2022
T-40.57
PPizza Hut
LFood:Dining
CR
^
D06/25/2022
T-39.51
PUber
LTransportation:Rideshare
CR
^
D06/26/2022
T-26.80
PPizza Hut
LFood:Dining
CR
^
D06/26/2022
T-35.49
PLyft
LTransportation:Rideshare
CR
^
D06/27/2022
T-108.92
PTrader Joe's
LFood:Groceries
Cc
A456 Grocery Ave
ASan Francisco, CA 94103
^
D06/27/2022
T-5.68
PStarbucks
LFood:Coffee
CR
^
D06/28/2022
T2434.96
PPayment from Checking
MPayment received
L[Primary Checking]
CR
^
D06/28/2022
T-20.54
PUber Eats
LFood:Dining
CR
^
D06/29/2022
T-7.32
PPeet's Coffee
LFood:Coffee
CR
^
D06/30/2022
T-27.07
PChipotle Mexican Grill
LFood:Dining
CR
^
D06/30/2022
T-5.56
PPeet's Coffee
LFood:Coffee
CR
^
D07/01/2022
T-21.25
PDoorDash
LFood:Dining
CR
^
D07/02/2022
T-70.94
PThai Basil Restaurant
LFood:Dining
CR
^
D07/02/2022
T-71.88
P76 Station
LTransportation:Gas
CR
^
D07/02/2022
T-26.45
PLyft
LTransportation:Rideshare
CR
^
D07/03/2022
T-74.92
PPizza Hut
LFood:Dining
CR
^
D07/04/2022
T-70.31
PUber Eats
LFood:Dining
CR
^
D07/04/2022
T-4.42
PStarbucks
LFood:Coffee
CR
^
D07/05/2022
T-15.99
PNetflix
LUtilities:Streaming
CR
^
D07/05/2022
T-7.99
PDisney+
LUtilities:Streaming
CR
^
D07/05/2022
T-51.71
PChipotle Mexican Grill
LFood:Dining
CR
^
D07/05/2022
T-47.35
PShell
LTransportation:Gas
CR
^
D07/05/2022
T-61.91
PREI
LEntertainment:Sports
CR
^
D07/06/2022
T-65.62
P76 Station
LTransportation:Gas
CR
^
D07/07/2022
T-7.22
PPeet's Coffee
LFood:Coffee
CR
^
D07/09/2022
T-10.99
PSpotify
LUtilities:Streaming
CR
^
D07/09/2022
T-14.99
PAmazon
LPersonal:Subscriptions
CR
A410 Terry Ave N
ASeattle, WA 98109
^
D07/09/2022
T-145.16
PSafeway
LFood:Groceries
CR
^
D07/09/2022
T-18.81
PPizza Hut
LFood:Dining
CR
^
D07/09/2022
T-34.11
PUber
LTransportation:Rideshare
CR
^
D07/10/2022
T-48.83
PChipotle Mexican Grill
LFood:Dining
Cc
^
D07/11/2022
T-7.11
PStarbucks
LFood:Coffee
CR
^
D07/12/2022
T-44.18
PDoorDash
LFood:Dining
CR
^
D07/13/2022
T-33.72
PThai Basil Restaurant
LFood:Dining
CR
^
D07/13/2022
T-6.98
PStarbucks
LFood:Coffee
CR
^
D07/14/2022
T-29.00
PChipotle Mexican Grill
LFood:Dining
CR
^
D07/14/2022
T-46.90
PBest Buy
LEntertainment:Games
^
D07/15/2022
T-45.92
PDoorDash
LFood:Dining
CR
^
D07/15/2022
T-4.57
PStarbucks
LFood:Coffee
CR
^
D07/17/2022
T-88.32
PCostco
LFood:Groceries
CR
^
D07/18/2022
T-377.48
PUnited Airlines
MSummer vacation flights
LTravel:Flights
CR
^
D07/19/2022
T-4.16
PPeet's Coffee
LFood:Coffee
CR
^
D07/19/2022
T-73.30
PChevron
LTransportation:Gas
CR
^
D07/19/2022
T-80.88
PCostco
MSplit purchase - groceries and household
CR
SFood:Groceries
$-56.62
SHousing:Maintenance
$-24.26
^
D07/19/2022
T-1125.69
PMarriott Hotels
MSummer vacation lodging
LTravel:Hotels
CR
^
D07/20/2022
T-23.01
PUber Eats
LFood:Dining
CR
^
D07/20/2022
T-5.91
PPeet's Coffee
LFood:Coffee
CR
^
D07/21/2022
T-98.31
PWhole Foods Market
LFood:Groceries
CR
A123 Market St
ASan Francisco, CA 94102
^
D07/21/2022
T-25.17
PUber Eats
LFood:Dining
^
D07/22/2022
T-158.08
PTrader Joe's
LFood:Groceries
CR
A456 Grocery Ave
ASan Francisco, CA 94103
^
D07/22/2022
T-4.09
PStarbucks
LFood:Coffee
CR
^
D07/22/2022
T-90.51
PKaiser Permanente
MMedical expense
LHealthcare:Doctor
^
D07/23/2022
T-61.62
PChipotle Mexican Grill
LFood:Dining
CR
^
D07/24/2022
T-46.47
PUber Eats
LFood:Dining
CR
^
D07/25/2022
T-4.20
PStarbucks
LFood:Coffee
CR
^
D07/25/2022
T-67.76
PShell
LTransportation:Gas
CR
^
D07/26/2022
T-151.35
PCostco
LFood:Groceries
CR
^
D07/26/2022
T-47.43
PPizza Hut
LFood:Dining
CR
^
D07/26/2022
T-7.50
PStarbucks
LFood:Coffee
CR
^
D07/27/2022
T-55.04
PThai Basil Restaurant
LFood:Dining
^
D07/27/2022
T-5.36
PStarbucks
LFood:Coffee
CR
^
D07/28/2022
T2468.41
PPayment from Checking
MPayment received
L[Primary Checking]
CR
^
D07/28/2022
T-170.45
PWhole Foods Market
LFood:Groceries
CR
A123 Market St
ASan Francisco, CA 94102
^
D07/28/2022
T-5.04
PPeet's Coffee
LFood:Coffee
Cc
^
D07/31/2022
T-23.46
PThai Basil Restaurant
LFood:Dining
CR
^
D07/31/2022
T-86.12
PTarget
MSplit purchase - groceries and household
CR
SFood:Groceries
$-60.28
SHousing:Maintenance
$-25.84
^
D08/01/2022
T-6.96
PStarbucks
LFood:Coffee
CR
^
D08/01/2022
T-68.44
PShell
LTransportation:Gas
^
D08/02/2022
T-69.79
PUber Eats
LFood:Dining
CR
^
D08/03/2022
T-165.52
PSafeway
LFood:Groceries
CR
^
D08/03/2022
T-17.83
PDoorDash
LFood:Dining
Cc
^
D08/03/2022
T-4.06
PPeet's Coffee
LFood:Coffee
CR
^
D08/05/2022
T-15.99
PNetflix
LUtilities:Streaming
CR
^
D08/06/2022
T-7.99
PDisney+
LUtilities:Streaming
CR
^
D08/06/2022
T-14.99
PAmazon
LPersonal:Subscriptions
CR
A410 Terry Ave N
ASeattle, WA 98109
^
D08/06/2022
T-173.66
PSafeway
LFood:Groceries
CR
^
D08/06/2022
T-62.03
PChevron
LTransportation:Gas
^
D08/08/2022
T-173.58
PWhole Foods Market
LFood:Groceries
CR
A123 Market St
ASan Francisco, CA 94102
^
D08/08/2022
T-13.89
PPizza Hut
LFood:Dining
CR
^
D08/08/2022
T-5.25
PPeet's Coffee
LFood:Coffee
CR
^
D08/09/2022
T-10.99
PSpotify
LUtilities:Streaming
CR
^
D08/09/2022
T-32.58
PChipotle Mexican Grill
LFood:Dining
CR
^
D08/09/2022
T-5.61
PPeet's Coffee
LFood:Coffee
CR
^
D08/10/2022
T-6.45
PStarbucks
LFood:Coffee
CR
^
D08/11/2022
T-69.05
PChipotle Mexican Grill
LFood:Dining
CR
^
D08/11/2022
T-7.91
PStarbucks
LFood:Coffee
CR
^
D08/12/2022
T-6.57
PPeet's Coffee
LFood:Coffee
Cc
^
D08/13/2022
T-61.63
PTarget
LFood:Groceries
CR
^
D08/13/2022
T-60.55
PUber Eats
LFood:Dining
^
D08/14/2022
T-53.49
PTrader Joe's
LFood:Groceries
CR
A456 Grocery Ave
ASan Francisco, CA 94103
^
D08/14/2022
T-19.94
PLyft
LTransportation:Rideshare
CR
^
D08/14/2022
T-127.50
PNordstrom
LPersonal:Clothing
CR
^
D08/15/2022
T-142.25
PCostco
LFood:Groceries
CR
^
D08/15/2022
T-7.09
PStarbucks
LFood:Coffee
CR
^
D08/16/2022
T-55.77
PDoorDash
LFood:Dining
CR
^
D08/16/2022
T-46.11
PShell
LTransportation:Gas
CR
^
D08/17/2022
T-28.66
PUber Eats
LFood:Dining
CR
^
D08/17/2022
T-7.58
PStarbucks
LFood:Coffee
CR
^
D08/18/2022
T-23.53
PThai Basil Restaurant
LFood:Dining
CR
^
D08/19/2022
T-56.05
PTrader Joe's
LFood:Groceries
CR
A456 Grocery Ave
ASan Francisco, CA 94103
^
D08/19/2022
T-50.26
PPizza Hut
LFood:Dining
CR
^
D08/19/2022
T-6.85
PPeet's Coffee
LFood:Coffee
CR
^
D08/19/2022
T-30.62
PNordstrom
LPersonal:Clothing
CR
^
D08/20/2022
T-50.08
PUber Eats
LFood:Dining
CR
^
D08/20/2022
T-25.34
PUber
LTransportation:Rideshare
CR
^
D08/21/2022
T-149.36
PSafeway
LFood:Groceries
^
D08/21/2022
T-28.22
PChipotle Mexican Grill
LFood:Dining
Cc
^
D08/22/2022
T-25.95
PPizza Hut
LFood:Dining
CR
^
D08/24/2022
T-38.54
PDoorDash
LFood:Dining
Cc
^
D08/24/2022
T-4.21
PPeet's Coffee
LFood:Coffee
CR
^
D08/25/2022
T-6.23
PStarbucks
LFood:Coffee
CR
^
D08/26/2022
T-4.92
PPeet's Coffee
LFood:Coffee
CR
^
D08/27/2022
T-146.99
PTarget
LFood:Groceries
CR
^
D08/28/2022
T1565.75
PPayment from Checking
MPayment received
L[Primary Checking]
CR
^
D08/28/2022
T-145.30
PCostco
LFood:Groceries
CR
^
D08/28/2022
T-36.55
PThai Basil Restaurant
LFood:Dining
CR
^
D08/29/2022
T-39.40
PChipotle Mexican Grill
LFood:Dining
CR
^
D08/29/2022
T-7.00
PPeet's Coffee
LFood:Coffee
CR
^
D08/30/2022
T-154.63
PTrader Joe's
LFood:Groceries
CR
A456 Grocery Ave
ASan Francisco, CA 94103
^
D08/30/2022
T-31.32
PChipotle Mexican Grill
LFood:Dining
CR
^
D08/30/2022
T-7.61
PStarbucks
LFood:Coffee
CR
^
D08/31/2022
T-7.12
PPeet's Coffee
LFood:Coffee
CR
^
D08/31/2022
T-38.19
P76 Station
LTransportation:Gas
CR
^
D08/31/2022
T-124.48
PNordstrom
LPersonal:Clothing
CR
^
D09/01/2022
T-36.87
PChipotle Mexican Grill
LFood:Dining
CR
^
D09/01/2022
T-4.27
PStarbucks
LFood:Coffee
CR
^
D09/02/2022
T-66.05
PTarget
LFood:Groceries
CR
^
D09/02/2022
T-4.75
PStarbucks
LFood:Coffee
CR
^
D09/03/2022
T-164.26
PSafeway
LFood:Groceries
Cc
^
D09/04/2022
T-35.05
PShell
LTransportation:Gas
CR
^
D09/05/2022
T-15.99
PNetflix
LUtilities:Streaming
CR
^
D09/05/2022
T-43.39
PTrader Joe's
LFood:Groceries
CR
A456 Grocery Ave
ASan Francisco, CA 94103
^
D09/05/2022
T-17.49
PThai Basil Restaurant
LFood:Dining
CR
^
D09/05/2022
T-7.57
PPeet's Coffee
LFood:Coffee
CR
^
D09/06/2022
T-10.99
PSpotify
LUtilities:Streaming
CR
^
D09/06/2022
T-164.28
PTarget
LFood:Groceries
CR
^
D09/06/2022
T-6.92
PStarbucks
LFood:Coffee
CR
^
D09/06/2022
T-51.23
PShell
LTransportation:Gas
CR
^
D09/07/2022
T-7.99
PDisney+
LUtilities:Streaming
CR
^
D09/07/2022
T-30.62
PPizza Hut
LFood:Dining
CR
^
D09/07/2022
T-7.17
PStarbucks
LFood:Coffee
CR
^
D09/09/2022
T-14.99
PAmazon
LPersonal:Subscriptions
CR
A410 Terry Ave N
ASeattle, WA 98109
^
D09/09/2022
T-35.94
PDoorDash
LFood:Dining
CR
^
D09/09/2022
T-4.74
PPeet's Coffee
LFood:Coffee
CR
^
D09/09/2022
T-41.96
PShell
LTransportation:Gas
CR
^
D09/10/2022
T-160.08
PSafeway
LFood:Groceries
CR
^
D09/10/2022
T-32.12
PLyft
LTransportation:Rideshare
CR
^
D09/12/2022
T-57.97
PChipotle Mexican Grill
LFood:Dining
CR
^
D09/12/2022
T-4.87
PPeet's Coffee
LFood:Coffee
CR
^
D09/13/2022
T-6.33
PStarbucks
LFood:Coffee
CR
^
D09/13/2022
T-62.47
PApple Store
LPersonal:Education
CR
^
D09/14/2022
T-7.77
PPeet's Coffee
LFood:Coffee
CR
^
D09/14/2022
T-52.19
PShell
LTransportation:Gas
CR
^
D09/16/2022
T-74.24
PChevron
LTransportation:Gas
CR
^
D09/16/2022
T-62.28
PBest Buy
LEntertainment:Games
Cc
^
D09/17/2022
T-59.72
PTrader Joe's
LFood:Groceries
CR
A456 Grocery Ave
ASan Francisco, CA 94103
^
D09/17/2022
T-73.37
P76 Station
LTransportation:Gas
CR
^
D09/18/2022
T-127.80
PTrader Joe's
LFood:Groceries
CR
A456 Grocery Ave
ASan Francisco, CA 94103
^
D09/18/2022
T-53.54
PChipotle Mexican Grill
LFood:Dining
CR
^
D09/19/2022
T-5.06
PStarbucks
LFood:Coffee
CR
^
D09/20/2022
T-53.19
PThai Basil Restaurant
LFood:Dining
CR
^
D09/20/2022
T-7.06
PStarbucks
LFood:Coffee
CR
^
D09/20/2022
T-40.22
PChevron
LTransportation:Gas
CR
^
D09/21/2022
T-128.48
PTrader Joe's
LFood:Groceries
CR
A456 Grocery Ave
ASan Francisco, CA 94103
^
D09/21/2022
T-34.04
PChipotle Mexican Grill
LFood:Dining
CR
^
D09/21/2022
T-4.09
PStarbucks
LFood:Coffee
CR
^
D09/22/2022
T-17.52
PUber Eats
LFood:Dining
CR
^
D09/22/2022
T-7.69
PStarbucks
LFood:Coffee
CR
^
D09/23/2022
T-6.31
PStarbucks
LFood:Coffee
CR
^
D09/23/2022
T-47.44
PREI
LEntertainment:Sports
CR
^
D09/27/2022
T-6.40
PPeet's Coffee
LFood:Coffee
CR
^
D09/28/2022
T2353.51
PPayment from Checking
MPayment received
L[Primary Checking]
CR
^
D09/28/2022
T-72.41
PChevron
LTransportation:Gas
CR
^
D09/29/2022
T-57.32
PUber Eats
LFood:Dining
CR
^
D09/29/2022
T-6.48
PStarbucks
LFood:Coffee
CR
^
D09/29/2022
T-121.76
PCVS Pharmacy
MMedical expense
LHealthcare:Pharmacy
CR
^
D09/30/2022
T-67.78
PPizza Hut
LFood:Dining
CR
^
D09/30/2022
T-6.55
PPeet's Coffee
LFood:Coffee
CR
^
D09/30/2022
T-50.24
PChevron
LTransportation:Gas
CR
^
D10/01/2022
T-55.34
PShell
LTransportation:Gas
CR
^
D10/01/2022
T-21.83
PLyft
LTransportation:Rideshare
CR
^
D10/03/2022
T-31.06
PChipotle Mexican Grill
LFood:Dining
CR
^
D10/03/2022
T-7.98
PPeet's Coffee
LFood:Coffee
CR
^
D10/04/2022
T-18.80
PUber Eats
LFood:Dining
CR
^
D10/05/2022
T-60.45
PPizza Hut
LFood:Dining
CR
^
D10/05/2022
T-60.15
PApple Store
LPersonal:Education
CR
^
D10/06/2022
T-15.99
PNetflix
LUtilities:Streaming
CR
^
D10/06/2022
T-10.99
PSpotify
LUtilities:Streaming
CR
^
D10/06/2022
T-7.99
PDisney+
LUtilities:Streaming
CR
^
D10/06/2022
T-6.86
PPeet's Coffee
LFood:Coffee
CR
^
D10/07/2022
T-14.99
PAmazon
LPersonal:Subscriptions
CR
A410 Terry Ave N
ASeattle, WA 98109
^
D10/07/2022
T-51.02
PChevron
LTransportation:Gas
CR
^
D10/08/2022
T-144.92
PTrader Joe's
LFood:Groceries
CR
A456 Grocery Ave
ASan Francisco, CA 94103
^
D10/08/2022
T-49.50
PChipotle Mexican Grill
LFood:Dining
CR
^
D10/09/2022
T-18.08
PUber Eats
LFood:Dining
CR
^
D10/10/2022
T-97.73
PSafeway
LFood:Groceries
CR
^
D10/10/2022
T-38.19
PUber Eats
LFood:Dining
Cc
^
D10/10/2022
T-4.84
PStarbucks
LFood:Coffee
CR
^
D10/11/2022
T-66.69
PTrader Joe's
LFood:Groceries
CR
A456 Grocery Ave
ASan Francisco, CA 94103
^
D10/13/2022
T-126.47
PSafeway
LFood:Groceries
CR
^
D10/13/2022
T-37.07
PUber Eats
LFood:Dining
CR
^
D10/13/2022
T-5.75
PStarbucks
LFood:Coffee
^
D10/14/2022
T-66.68
PChipotle Mexican Grill
LFood:Dining
CR
^
D10/14/2022
T-6.22
PPeet's Coffee
LFood:Coffee
CR
^
D10/15/2022
T-130.89
PTrader Joe's
LFood:Groceries
CR
A456 Grocery Ave
ASan Francisco, CA 94103
^
D10/17/2022
T-86.93
PSafeway
MSplit purchase - groceries and household
CR
SFood:Groceries
$-60.85
SHousing:Maintenance
$-26.08
^
D10/18/2022
T-74.72
PUber Eats
LFood:Dining
CR
^
D10/18/2022
T-4.67
PPeet's Coffee
LFood:Coffee
CR
^
D10/19/2022
T-6.26
PPeet's Coffee
LFood:Coffee
CR
^
D10/20/2022
T-4.19
PPeet's Coffee
LFood:Coffee
CR
^
D10/21/2022
T-7.73
PStarbucks
LFood:Coffee
CR
^
D10/21/2022
T-62.07
PShell
LTransportation:Gas
CR
^
D10/23/2022
T-62.03
PPizza Hut
LFood:Dining
CR
^
D10/24/2022
T-64.64
PPizza Hut
LFood:Dining
CR
^
D10/24/2022
T-4.26
PStarbucks
LFood:Coffee
CR
^
D10/25/2022
T-4.46
PPeet's Coffee
LFood:Coffee
CR
^
D10/26/2022
T-65.29
PChipotle Mexican Grill
LFood:Dining
CR
^
D10/26/2022
T-5.57
PStarbucks
LFood:Coffee
CR
^
D10/27/2022
T-166.73
PTarget
LFood:Groceries
CR
^
D10/27/2022
T-6.80
PStarbucks
LFood:Coffee
CR
^
D10/28/2022
T3366.38
PPayment from Checking
MPayment received
L[Primary Checking]
CR
^
D10/28/2022
T-194.82
PBest Buy
LEntertainment:Games
CR
^
D10/30/2022
T-57.20
PThai Basil Restaurant
LFood:Dining
CR
^
D10/31/2022
T-12.47
PUber Eats
LFood:Dining
CR
^
D10/31/2022
T-5.70
PStarbucks
LFood:Coffee
CR
^
D11/01/2022
T-169.23
PSafeway
LFood:Groceries
CR
^
D11/01/2022
T-6.12
PPeet's Coffee
LFood:Coffee
CR
^
D11/02/2022
T-6.61
PPeet's Coffee
LFood:Coffee
CR
^
D11/03/2022
T-5.87
PStarbucks
LFood:Coffee
^
D11/03/2022
T-41.08
PShell
LTransportation:Gas
CR
^
D11/05/2022
T-10.99
PSpotify
LUtilities:Streaming
CR
^
D11/05/2022
T-66.08
PDoorDash
LFood:Dining
CR
^
D11/06/2022
T-15.99
PNetflix
LUtilities:Streaming
CR
^
D11/06/2022
T-14.99
PAmazon
LPersonal:Subscriptions
CR
A410 Terry Ave N
ASeattle, WA 98109
^
D11/07/2022
T-7.99
PDisney+
LUtilities:Streaming
CR
^
D11/07/2022
T-4.37
PPeet's Coffee
LFood:Coffee
CR
^
D11/09/2022
T-64.45
PDoorDash
LFood:Dining
CR
^
D11/09/2022
T-5.33
PStarbucks
LFood:Coffee
CR
^
D11/09/2022
T-35.17
PShell
LTransportation:Gas
CR
^
D11/10/2022
T-79.06
PSafeway
LFood:Groceries
CR
^
D11/10/2022
T-62.19
PChipotle Mexican Grill
LFood:Dining
CR
^
D11/10/2022
T-45.50
P76 Station
LTransportation:Gas
CR
^
D11/10/2022
T-57.92
PREI
LEntertainment:Sports
CR
^
D11/11/2022
T-48.83
P76 Station
LTransportation:Gas
CR
^
D11/12/2022
T-24.48
PPizza Hut
LFood:Dining
CR
^
D11/12/2022
T-18.37
PUber
LTransportation:Rideshare
CR
^
D11/13/2022
T-71.88
P76 Station
LTransportation:Gas
CR
^
D11/14/2022
T-52.85
PDoorDash
LFood:Dining
CR
^
D11/14/2022
T-4.13
PStarbucks
LFood:Coffee
CR
^
D11/15/2022
T-67.12
PTarget
LFood:Groceries
CR
^
D11/15/2022
T-59.09
PChipotle Mexican Grill
LFood:Dining
Cc
^
D11/15/2022
T-58.66
PShell
LTransportation:Gas
CR
^
D11/16/2022
T-61.84
PThai Basil Restaurant
LFood:Dining
CR
^
D11/17/2022
T-55.69
PThai Basil Restaurant
LFood:Dining
CR
^
D11/17/2022
T-5.09
PPeet's Coffee
LFood:Coffee
CR
^
D11/17/2022
T-39.93
PChevron
LTransportation:Gas
CR
^
D11/18/2022
T-45.96
PThai Basil Restaurant
LFood:Dining
Cc
^
D11/18/2022
T-7.24
PPeet's Coffee
LFood:Coffee
CR
^
D11/19/2022
T-38.26
PChipotle Mexican Grill
LFood:Dining
CR
^
D11/20/2022
T-37.16
PChipotle Mexican Grill
LFood:Dining
CR
^
D11/20/2022
T-42.41
PShell
LTransportation:Gas
CR
^
D11/21/2022
T-45.65
PCostco
LFood:Groceries
CR
^
D11/21/2022
T-22.44
PChipotle Mexican Grill
LFood:Dining
CR
^
D11/21/2022
T-6.15
PPeet's Coffee
LFood:Coffee
CR
^
D11/22/2022
T-67.63
PChevron
LTransportation:Gas
CR
^
D11/23/2022
T-65.96
PDoorDash
LFood:Dining
CR
^
D11/23/2022
T-5.17
PStarbucks
LFood:Coffee
CR
^
D11/23/2022
T-53.40
PChevron
LTransportation:Gas
CR
^
D11/24/2022
T-40.20
PUber Eats
LFood:Dining
^
D11/24/2022
T-4.21
PPeet's Coffee
LFood:Coffee
CR
^
D11/26/2022
T-67.46
PDoorDash
LFood:Dining
CR
^
D11/27/2022
T-72.62
PDoorDash
LFood:Dining
CR
^
D11/27/2022
T-73.47
PChevron
LTransportation:Gas
CR
^
D11/27/2022
T-39.96
PUber
LTransportation:Rideshare
CR
^
D11/28/2022
T2082.47
PPayment from Checking
MPayment received
L[Primary Checking]
CR
^
D11/28/2022
T-80.80
PCostco
LFood:Groceries
CR
^
D11/28/2022
T-39.65
PThai Basil Restaurant
LFood:Dining
CR
^
D11/28/2022
T-7.73
PStarbucks
LFood:Coffee
CR
^
D11/28/2022
T-45.17
PChevron
LTransportation:Gas
Cc
^
D11/29/2022
T-7.63
PStarbucks
LFood:Coffee
CR
^
D11/29/2022
T-64.30
P76 Station
LTransportation:Gas
CR
^
D12/01/2022
T-6.22
PPeet's Coffee
LFood:Coffee
^
D12/02/2022
T-39.39
PChipotle Mexican Grill
LFood:Dining
CR
^
D12/02/2022
T-4.20
PPeet's Coffee
LFood:Coffee
CR
^
D12/02/2022
T-46.83
PShell
LTransportation:Gas
CR
^
D12/04/2022
T-21.10
PUber Eats
LFood:Dining
CR
^
D12/04/2022
T-174.29
PREI
LEntertainment:Sports
^
D12/05/2022
T-14.99
PAmazon
LPersonal:Subscriptions
CR
A410 Terry Ave N
ASeattle, WA 98109
^
D12/05/2022
T-5.34
PStarbucks
LFood:Coffee
CR
^
D12/07/2022
T-7.75
PPeet's Coffee
LFood:Coffee
CR
^
D12/08/2022
T-15.99
PNetflix
LUtilities:Streaming
CR
^
D12/08/2022
T-10.99
PSpotify
LUtilities:Streaming
CR
^
D12/08/2022
T-23.45
PThai Basil Restaurant
LFood:Dining
CR
^
D12/09/2022
T-7.99
PDisney+
LUtilities:Streaming
CR
^
D12/09/2022
T-56.93
PUber Eats
LFood:Dining
CR
^
D12/09/2022
T-5.36
PStarbucks
LFood:Coffee
CR
^
D12/09/2022
T-64.86
PApple Store
LPersonal:Education
CR
^
D12/10/2022
T-30.11
PLyft
LTransportation:Rideshare
CR
^
D12/11/2022
T-90.32
PTrader Joe's
LFood:Groceries
CR
A456 Grocery Ave
ASan Francisco, CA 94103
^
D12/11/2022
T-59.84
PShell
LTransportation:Gas
CR
^
D12/12/2022
T-4.21
PPeet's Coffee
LFood:Coffee
CR
^
D12/13/2022
T-7.10
PPeet's Coffee
LFood:Coffee
^
D12/14/2022
T-55.72
PThai Basil Restaurant
LFood:Dining
CR
^
D12/14/2022
T-5.81
PPeet's Coffee
LFood:Coffee
CR
^
D12/14/2022
T-97.92
PKaiser Permanente
MMedical expense
LHealthcare:Doctor
CR
^
D12/15/2022
T-4.55
PPeet's Coffee
LFood:Coffee
CR
^
D12/15/2022
T-39.38
PChevron
LTransportation:Gas
CR
^
D12/16/2022
T-38.99
PShell
LTransportation:Gas
CR
^
D12/17/2022
T-19.94
PUber
LTransportation:Rideshare
CR
^
D12/18/2022
T-24.46
PLyft
LTransportation:Rideshare
^
D12/19/2022
T-477.21
PUnited Airlines
MHoliday travel
LTravel:Flights
CR
^
D12/21/2022
T-7.43
PStarbucks
LFood:Coffee
CR
^
D12/22/2022
T-149.51
PTarget
LFood:Groceries
CR
^
D12/22/2022
T-44.04
PChipotle Mexican Grill
LFood:Dining
CR
^
D12/22/2022
T-4.01
PStarbucks
LFood:Coffee
CR
^
D12/23/2022
T-6.22
PStarbucks
LFood:Coffee
CR
^
D12/24/2022
T-164.86
PTrader Joe's
LFood:Groceries
CR
A456 Grocery Ave
ASan Francisco, CA 94103
^
D12/24/2022
T-73.67
PChipotle Mexican Grill
LFood:Dining
CR
^
D12/24/2022
T-34.51
PLyft
LTransportation:Rideshare
CR
^
D12/25/2022
T-120.15
PWhole Foods Market
LFood:Groceries
CR
A123 Market St
ASan Francisco, CA 94102
^
D12/26/2022
T-157.45
PTrader Joe's
LFood:Groceries
CR
A456 Grocery Ave
ASan Francisco, CA 94103
^
D12/26/2022
T-66.22
PThai Basil Restaurant
LFood:Dining
CR
^
D12/26/2022
T-5.90
PPeet's Coffee
LFood:Coffee
CR
^
D12/27/2022
T-35.34
PPizza Hut
LFood:Dining
CR
^
D12/27/2022
T-7.85
PPeet's Coffee
LFood:Coffee
CR
^
D12/28/2022
T1938.76
PPayment from Checking
MPayment received
L[Primary Checking]
CR
^
D12/28/2022
T-57.27
P76 Station
LTransportation:Gas
CR
^
D12/29/2022
T-175.02
PCostco
LFood:Groceries
CR
^
D12/29/2022
T-67.95
PDoorDash
LFood:Dining
CR
^
D12/29/2022
T-7.63
PPeet's Coffee
LFood:Coffee
CR
^
D12/30/2022
T-124.80
PCostco
LFood:Groceries
CR
^
D12/30/2022
T-7.77
PStarbucks
LFood:Coffee
CR
^
D12/30/2022
T-97.93
PKaiser Permanente
MMedical expense
LHealthcare:Doctor
^
D12/31/2022
T-58.70
PDoorDash
LFood:Dining
Cc
^
D01/01/2023
T-30.09
PLyft
LTransportation:Rideshare
CR
^
D01/02/2023
T-83.39
PSafeway
LFood:Groceries
CR
^
D01/02/2023
T-45.76
PThai Basil Restaurant
LFood:Dining
CR
^
D01/02/2023
T-5.10
PStarbucks
LFood:Coffee
CR
^
D01/03/2023
T-6.36
PStarbucks
LFood:Coffee
CR
^
D01/04/2023
T-42.54
PUber Eats
LFood:Dining
CR
^
D01/04/2023
T-5.28
PStarbucks
LFood:Coffee
CR
^
D01/04/2023
T-63.57
P76 Station
LTransportation:Gas
CR
^
D01/05/2023
T-36.53
PThai Basil Restaurant
LFood:Dining
CR
^
D01/05/2023
T-6.68
PStarbucks
LFood:Coffee
CR
^
D01/05/2023
T-124.69
PNordstrom
LPersonal:Clothing
CR
^
D01/06/2023
T-15.99
PNetflix
LUtilities:Streaming
CR
^
D01/06/2023
T-10.99
PSpotify
LUtilities:Streaming
CR
^
D01/06/2023
T-7.99
PDisney+
LUtilities:Streaming
CR
^
D01/06/2023
T-5.13
PPeet's Coffee
LFood:Coffee
CR
^
D01/07/2023
T-100.31
PSafeway
LFood:Groceries
CR
^
D01/07/2023
T-164.35
PSafeway
MSplit purchase - groceries and household
SFood:Groceries
$-115.04
SHousing:Maintenance
$-49.31
^
D01/08/2023
T-67.19
PTarget
LFood:Groceries
CR
^
D01/08/2023
T-34.49
PPizza Hut
LFood:Dining
CR
^
D01/08/2023
T-38.70
PLyft
LTransportation:Rideshare
CR
^
D01/08/2023
T-63.29
PREI
LEntertainment:Sports
CR
^
D01/09/2023
T-14.99
PAmazon
LPersonal:Subscriptions
CR
A410 Terry Ave N
ASeattle, WA 98109
^
D01/09/2023
T-89.89
PSafeway
LFood:Groceries
CR
^
D01/09/2023
T-6.80
PPeet's Coffee
LFood:Coffee
CR
^
D01/10/2023
T-53.41
PThai Basil Restaurant
LFood:Dining
CR
^
D01/10/2023
T-5.90
PStarbucks
LFood:Coffee
CR
^
D01/10/2023
T-179.23
PREI
LEntertainment:Sports
CR
^
D01/11/2023
T-50.13
PDoorDash
LFood:Dining
Cc
^
D01/11/2023
T-4.22
PPeet's Coffee
LFood:Coffee
CR
^
D01/12/2023
T-16.96
PDoorDash
LFood:Dining
CR
^
D01/12/2023
T-7.02
PStarbucks
LFood:Coffee
CR
^
D01/13/2023
T-138.09
PSafeway
LFood:Groceries
CR
^
D01/13/2023
T-41.42
PThai Basil Restaurant
LFood:Dining
CR
^
D01/13/2023
T-5.15
PPeet's Coffee
LFood:Coffee
CR
^
D01/14/2023
T-28.51
PDoorDash
LFood:Dining
CR
^
D01/15/2023
T-15.51
PPizza Hut
LFood:Dining
CR
^
D01/15/2023
T-16.35
PUber
LTransportation:Rideshare
CR
^
D01/16/2023
T-38.73
PUber Eats
LFood:Dining
CR
^
D01/16/2023
T-5.33
PPeet's Coffee
LFood:Coffee
CR
^
D01/17/2023
T-6.45
PPeet's Coffee
LFood:Coffee
CR
^
D01/17/2023
T-62.11
PChevron
LTransportation:Gas
CR
^
D01/19/2023
T-140.44
PKaiser Permanente
MMedical expense
LHealthcare:Doctor
CR
^
D01/20/2023
T-145.81
PSafeway
LFood:Groceries
CR
^
D01/20/2023
T-61.58
PChipotle Mexican Grill
LFood:Dining
CR
^
D01/21/2023
T-178.98
PWhole Foods Market
LFood:Groceries
A123 Market St
ASan Francisco, CA 94102
^
D01/22/2023
T-198.53
PTrader Joe's
MSplit purchase - groceries and household
CR
A456 Grocery Ave
ASan Francisco, CA 94103
SFood:Groceries
$-138.97
SHousing:Maintenance
$-59.56
^
D01/23/2023
T-4.17
PPeet's Coffee
LFood:Coffee
CR
^
D01/23/2023
T-55.21
PChevron
LTransportation:Gas
CR
^
D01/24/2023
T-67.99
PPizza Hut
LFood:Dining
Cc
^
D01/24/2023
T-4.49
PStarbucks
LFood:Coffee
CR
^
D01/25/2023
T-37.16
P76 Station
LTransportation:Gas
CR
^
D01/26/2023
T-136.94
PSafeway
LFood:Groceries
CR
^
D01/27/2023
T-124.49
PSafeway
LFood:Groceries
Cc
^
D01/27/2023
T-6.45
PStarbucks
LFood:Coffee
CR
^
D01/28/2023
T1968.76
PPayment from Checking
MPayment received
L[Primary Checking]
CR
^
D01/28/2023
T-17.15
PUber Eats
LFood:Dining
CR
^
D01/28/2023
T-43.84
PChevron
LTransportation:Gas
CR
^
D01/28/2023
T-37.19
PUber
LTransportation:Rideshare
CR
^
D01/29/2023
T-39.83
PShell
LTransportation:Gas
CR
^
D01/29/2023
T-33.26
PLyft
LTransportation:Rideshare
Cc
^
D01/30/2023
T-27.23
PUber Eats
LFood:Dining
CR
^
D01/31/2023
T-166.34
PWhole Foods Market
LFood:Groceries
CR
A123 Market St
ASan Francisco, CA 94102
^
D02/01/2023
T-5.37
PStarbucks
LFood:Coffee
CR
^
D02/02/2023
T-157.49
PWhole Foods Market
LFood:Groceries
CR
A123 Market St
ASan Francisco, CA 94102
^
D02/02/2023
T-12.60
PUber Eats
LFood:Dining
CR
^
D02/03/2023
T-55.46
PThai Basil Restaurant
LFood:Dining
CR
^
D02/04/2023
T-14.42
PDoorDash
LFood:Dining
CR
^
D02/04/2023
T-38.35
PShell
LTransportation:Gas
CR
^
D02/05/2023
T-15.99
PNetflix
LUtilities:Streaming
CR
^
D02/05/2023
T-103.59
PWhole Foods Market
LFood:Groceries
CR
A123 Market St
ASan Francisco, CA 94102
^
D02/05/2023
T-13.46
PChipotle Mexican Grill
LFood:Dining
CR
^
D02/06/2023
T-10.99
PSpotify
LUtilities:Streaming
CR
^
D02/06/2023
T-14.99
PAmazon
LPersonal:Subscriptions
CR
A410 Terry Ave N
ASeattle, WA 98109
^
D02/06/2023
T-74.22
PPizza Hut
LFood:Dining
^
D02/06/2023
T-5.01
PStarbucks
LFood:Coffee
CR
^
D02/07/2023
T-65.43
PPizza Hut
LFood:Dining
CR
^
D02/08/2023
T-38.35
PUber Eats
LFood:Dining
CR
^
D02/09/2023
T-7.99
PDisney+
LUtilities:Streaming
CR
^
D02/09/2023
T-67.60
PWhole Foods Market
LFood:Groceries
CR
A123 Market St
ASan Francisco, CA 94102
^
D02/09/2023
T-27.31
PChipotle Mexican Grill
LFood:Dining
CR
^
D02/09/2023
T-5.13
PPeet's Coffee
LFood:Coffee
CR
^
D02/11/2023
T-19.95
PLyft
LTransportation:Rideshare
CR
^
D02/13/2023
T-72.74
PREI
LEntertainment:Sports
CR
^
D02/14/2023
T-15.42
PDoorDash
LFood:Dining
CR
^
D02/14/2023
T-7.92
PPeet's Coffee
LFood:Coffee
CR
^
D02/15/2023
T-38.08
PShell
LTransportation:Gas
Cc
^
D02/16/2023
T-18.41
PUber Eats
LFood:Dining
CR
^
D02/17/2023
T-4.47
PStarbucks
LFood:Coffee
CR
^
D02/18/2023
T-166.14
PTrader Joe's
LFood:Groceries
CR
A456 Grocery Ave
ASan Francisco, CA 94103
^
D02/18/2023
T-51.14
PUber Eats
LFood:Dining
^
D02/19/2023
T-42.00
PPizza Hut
LFood:Dining
CR
^
D02/20/2023
T-4.59
PPeet's Coffee
LFood:Coffee
CR
^
D02/20/2023
T-54.12
PNordstrom
LPersonal:Clothing
Cc
^
D02/20/2023
T-183.06
PWhole Foods Market
MSplit purchase - groceries and household
CR
A123 Market St
ASan Francisco, CA 94102
SFood:Groceries
$-128.14
SHousing:Maintenance
$-54.92
^
D02/21/2023
T-73.40
PDoorDash
LFood:Dining
CR
^
D02/21/2023
T-7.05
PStarbucks
LFood:Coffee
CR
^
D02/22/2023
T-39.48
PPizza Hut
LFood:Dining
CR
^
D02/22/2023
T-4.54
PStarbucks
LFood:Coffee
CR
^
D02/23/2023
T-33.18
PThai Basil Restaurant
LFood:Dining
CR
^
D02/23/2023
T-7.62
PStarbucks
LFood:Coffee
CR
^
D02/23/2023
T-53.27
PChevron
LTransportation:Gas
Cc
^
D02/24/2023
T-29.32
PDoorDash
LFood:Dining
CR
^
D02/24/2023
T-4.18
PPeet's Coffee
LFood:Coffee
CR
^
D02/24/2023
T-70.71
PBest Buy
LEntertainment:Games
CR
^
D02/25/2023
T-22.52
PThai Basil Restaurant
LFood:Dining
CR
^
D02/26/2023
T-25.35
PPizza Hut
LFood:Dining
Cc
^
D02/26/2023
T-66.69
PShell
LTransportation:Gas
CR
^
D02/26/2023
T-35.72
PUber
LTransportation:Rideshare
CR
^
D02/27/2023
T-89.85
PWhole Foods Market
LFood:Groceries
CR
A123 Market St
ASan Francisco, CA 94102
^
D02/28/2023
T1999.62
PPayment from Checking
MPayment received
L[Primary Checking]
CR
^
D02/28/2023
T-137.39
PWhole Foods Market
LFood:Groceries
Cc
A123 Market St
ASan Francisco, CA 94102
^
D02/28/2023
T-4.20
PStarbucks
LFood:Coffee
CR
^
D02/28/2023
T-49.51
PBest Buy
LEntertainment:Games
CR
^
D03/01/2023
T-6.19
PStarbucks
LFood:Coffee
CR
^
D03/02/2023
T-14.93
PChipotle Mexican Grill
LFood:Dining
CR
^
D03/02/2023
T-6.62
PStarbucks
LFood:Coffee
^
D03/03/2023
T-148.57
PTarget
LFood:Groceries
CR
^
D03/03/2023
T-34.38
PChipotle Mexican Grill
LFood:Dining
CR
^
D03/03/2023
T-4.21
PPeet's Coffee
LFood:Coffee
CR
^
D03/04/2023
T-79.32
PCVS Pharmacy
MMedical expense
LHealthcare:Pharmacy
CR
^
D03/05/2023
T-68.41
PDoorDash
LFood:Dining
CR
^
D03/06/2023
T-15.99
PNetflix
LUtilities:Streaming
CR
^
D03/06/2023
T-14.99
PAmazon
LPersonal:Subscriptions
CR
A410 Terry Ave N
ASeattle, WA 98109
^
D03/06/2023
T-124.82
PTarget
LFood:Groceries
CR
^
D03/06/2023
T-7.08
PPeet's Coffee
LFood:Coffee
CR
^
D03/07/2023
T-63.40
PTarget
LFood:Groceries
CR
^
D03/07/2023
T-5.88
PStarbucks
LFood:Coffee
CR
^
D03/08/2023
T-7.99
PDisney+
LUtilities:Streaming
CR
^
D03/08/2023
T-71.92
PPizza Hut
LFood:Dining
CR
^
D03/08/2023
T-152.54
PREI
LEntertainment:Sports
CR
^
D03/09/2023
T-10.99
PSpotify
LUtilities:Streaming
CR
^
D03/09/2023
T-23.79
PThai Basil Restaurant
LFood:Dining
CR
^
D03/09/2023
T-6.27
PPeet's Coffee
LFood:Coffee
CR
^
D03/09/2023
T-50.42
PShell
LTransportation:Gas
Cc
^
D03/10/2023
T-115.48
PTrader Joe's
LFood:Groceries
CR
A456 Grocery Ave
ASan Francisco, CA 94103
^
D03/10/2023
T-66.67
PPizza Hut
LFood:Dining
CR
^
D03/10/2023
T-5.29
PStarbucks
LFood:Coffee
CR
^
D03/11/2023
T-164.01
PTrader Joe's
LFood:Groceries
CR
A456 Grocery Ave
ASan Francisco, CA 94103
^
D03/11/2023
T-12.79
PChipotle Mexican Grill
LFood:Dining
CR
^
D03/11/2023
T-39.14
PBest Buy
LEntertainment:Games
CR
^
D03/12/2023
T-63.19
PThai Basil Restaurant
LFood:Dining
Cc
^
D03/12/2023
T-37.47
P76 Station
LTransportation:Gas
CR
^
D03/13/2023
T-5.22
PPeet's Coffee
LFood:Coffee
CR
^
D03/14/2023
T-64.18
PDoorDash
LFood:Dining
CR
^
D03/15/2023
T-22.15
PPizza Hut
LFood:Dining
CR
^
D03/15/2023
T-41.12
PChevron
LTransportation:Gas
CR
^
D03/16/2023
T-5.79
PPeet's Coffee
LFood:Coffee
CR
^
D03/17/2023
T-171.49
PSafeway
LFood:Groceries
CR
^
D03/17/2023
T-63.92
PUber Eats
LFood:Dining
CR
^
D03/19/2023
T-18.95
PUber Eats
LFood:Dining
CR
^
D03/20/2023
T-4.38
PStarbucks
LFood:Coffee
CR
^
D03/20/2023
T-46.05
P76 Station
LTransportation:Gas
CR
^
D03/22/2023
T-46.78
PThai Basil Restaurant
LFood:Dining
^
D03/23/2023
T-7.90
PPeet's Coffee
LFood:Coffee
CR
^
D03/23/2023
T-84.97
PTrader Joe's
MSplit purchase - groceries and household
CR
A456 Grocery Ave
ASan Francisco, CA 94103
SFood:Groceries
$-59.48
SHousing:Maintenance
$-25.49
^
D03/24/2023
T-12.28
PChipotle Mexican Grill
LFood:Dining
CR
^
D03/26/2023
T-46.09
PUber Eats
LFood:Dining
CR
^
D03/26/2023
T-72.70
PChevron
LTransportation:Gas
CR
^
D03/26/2023
T-42.65
PUber
LTransportation:Rideshare
CR
^
D03/27/2023
T-139.10
PCostco
LFood:Groceries
CR
^
D03/27/2023
T-57.41
PUber Eats
LFood:Dining
CR
^
D03/27/2023
T-7.78
PPeet's Coffee
LFood:Coffee
CR
^
D03/27/2023
T-123.42
PCVS Pharmacy
MMedical expense
LHealthcare:Pharmacy
CR
^
D03/28/2023
T3270.03
PPayment from Checking
MPayment received
L[Primary Checking]
CR
^
D03/28/2023
T-129.56
PWhole Foods Market
LFood:Groceries
CR
A123 Market St
ASan Francisco, CA 94102
^
D03/28/2023
T-30.14
PPizza Hut
LFood:Dining
CR
^
D03/29/2023
T-7.46
PStarbucks
LFood:Coffee
CR
^
D03/30/2023
T-5.99
PStarbucks
LFood:Coffee
CR
^
D03/31/2023
T-6.65
PPeet's Coffee
LFood:Coffee
CR
^
D03/31/2023
T-45.79
PShell
LTransportation:Gas
CR
^
D04/01/2023
T-87.40
PSafeway
LFood:Groceries
CR
^
D04/01/2023
T-70.02
PDoorDash
LFood:Dining
CR
^
D04/02/2023
T-55.54
PChipotle Mexican Grill
LFood:Dining
CR
^
D04/02/2023
T-41.79
PLyft
LTransportation:Rideshare
CR
^
D04/03/2023
T-6.04
PStarbucks
LFood:Coffee
CR
^
D04/04/2023
T-143.89
PSafeway
LFood:Groceries
CR
^
D04/04/2023
T-63.97
PDoorDash
LFood:Dining
CR
^
D04/04/2023
T-102.56
PBest Buy
LEntertainment:Games
CR
^
D04/05/2023
T-15.90
PChipotle Mexican Grill
LFood:Dining
CR
^
D04/05/2023
T-7.39
PPeet's Coffee
LFood:Coffee
CR
^
D04/05/2023
T-58.35
P76 Station
LTransportation:Gas
CR
^
D04/05/2023
T-180.82
PWhole Foods Market
MSplit purchase - groceries and household
A123 Market St
ASan Francisco, CA 94102
SFood:Groceries
$-126.57
SHousing:Maintenance
$-54.25
^
D04/06/2023
T-7.99
PDisney+
LUtilities:Streaming
CR
^
D04/06/2023
T-7.52
PStarbucks
LFood:Coffee
CR
^
D04/07/2023
T-15.99
PNetflix
LUtilities:Streaming
CR
^
D04/07/2023
T-4.80
PPeet's Coffee
LFood:Coffee
CR
^
D04/08/2023
T-14.99
PAmazon
LPersonal:Subscriptions
CR
A410 Terry Ave N
ASeattle, WA 98109
^
D04/08/2023
T-39.28
PApple Store
LPersonal:Education
CR
^
D04/09/2023
T-10.99
PSpotify
LUtilities:Streaming
CR
^
D04/09/2023
T-171.66
PWhole Foods Market
LFood:Groceries
CR
A123 Market St
ASan Francisco, CA 94102
^
D04/09/2023
T-21.80
PUber
LTransportation:Rideshare
CR
^
D04/09/2023
T-59.53
PNordstrom
LPersonal:Clothing
CR
^
D04/10/2023
T-70.91
PDoorDash
LFood:Dining
CR
^
D04/10/2023
T-4.89
PStarbucks
LFood:Coffee
CR
^
D04/10/2023
T-69.58
PREI
LEntertainment:Sports
^
D04/11/2023
T-81.11
PSafeway
LFood:Groceries
CR
^
D04/11/2023
T-54.48
P76 Station
LTransportation:Gas
^
D04/12/2023
T-5.35
PStarbucks
LFood:Coffee
Cc
^
D04/13/2023
T-73.57
PTarget
LFood:Groceries
CR
^
D04/14/2023
T-5.49
PStarbucks
LFood:Coffee
CR
^
D04/15/2023
T-66.41
PThai Basil Restaurant
LFood:Dining
CR
^
D04/16/2023
T-27.67
PLyft
LTransportation:Rideshare
Cc
^
D04/17/2023
T-45.24
PShell
LTransportation:Gas
CR
^
D04/17/2023
T-129.34
PApple Store
LPersonal:Education
CR
^
D04/18/2023
T-137.01
PWhole Foods Market
LFood:Groceries
CR
A123 Market St
ASan Francisco, CA 94102
^
D04/18/2023
T-59.97
PPizza Hut
LFood:Dining
CR
^
D04/18/2023
T-7.73
PStarbucks
LFood:Coffee
CR
^
D04/19/2023
T-4.71
PPeet's Coffee
LFood:Coffee
CR
^
D04/19/2023
T-58.26
PShell
LTransportation:Gas
CR
^
D04/20/2023
T-54.38
PChipotle Mexican Grill
LFood:Dining
CR
^
D04/21/2023
T-4.42
PPeet's Coffee
LFood:Coffee
CR
^
D04/22/2023
T-75.33
PTarget
LFood:Groceries
CR
^
D04/23/2023
T-32.37
PLyft
LTransportation:Rideshare
CR
^
D04/24/2023
T-46.53
PChipotle Mexican Grill
LFood:Dining
CR
^
D04/24/2023
T-4.66
PPeet's Coffee
LFood:Coffee
CR
^
D04/25/2023
T-69.15
PChipotle Mexican Grill
LFood:Dining
CR
^
D04/25/2023
T-174.94
PBest Buy
LEntertainment:Games
CR
^
D04/26/2023
T-132.52
PSafeway
LFood:Groceries
CR
^
D04/27/2023
T-46.55
PChipotle Mexican Grill
LFood:Dining
CR
^
D04/27/2023
T-47.43
PChevron
LTransportation:Gas
CR
^
D04/28/2023
T2490.44
PPayment from Checking
MPayment received
L[Primary Checking]
CR
^
D04/28/2023
T-105.14
PSafeway
LFood:Groceries
Cc
^
D04/29/2023
T-56.55
PWhole Foods Market
LFood:Groceries
CR
A123 Market St
ASan Francisco, CA 94102
^
D04/30/2023
T-107.58
PWhole Foods Market
LFood:Groceries
CR
A123 Market St
ASan Francisco, CA 94102
^
D04/30/2023
T-49.19
PDoorDash
LFood:Dining
CR
^
D04/30/2023
T-49.49
P76 Station
LTransportation:Gas
CR
^
D05/02/2023
T-167.44
PSafeway
LFood:Groceries
CR
^
D05/02/2023
T-47.28
PPizza Hut
LFood:Dining
CR
^
D05/02/2023
T-4.52
PPeet's Coffee
LFood:Coffee
CR
^
D05/03/2023
T-26.59
PUber Eats
LFood:Dining
Cc
^
D05/03/2023
T-6.58
PStarbucks
LFood:Coffee
CR
^
D05/04/2023
T-70.61
PChipotle Mexican Grill
LFood:Dining
CR
^
D05/04/2023
T-7.92
PStarbucks
LFood:Coffee
CR
^
D05/04/2023
T-56.35
PShell
LTransportation:Gas
CR
^
D05/05/2023
T-15.99
PNetflix
LUtilities:Streaming
CR
^
D05/05/2023
T-14.99
PAmazon
LPersonal:Subscriptions
CR
A410 Terry Ave N
ASeattle, WA 98109
^
D05/05/2023
T-60.77
PPizza Hut
LFood:Dining
CR
^
D05/06/2023
T-35.84
PThai Basil Restaurant
LFood:Dining
CR
^
D05/06/2023
T-50.94
PBest Buy
LEntertainment:Games
^
D05/07/2023
T-7.99
PDisney+
LUtilities:Streaming
CR
^
D05/08/2023
T-10.99
PSpotify
LUtilities:Streaming
CR
^
D05/08/2023
T-48.21
PChipotle Mexican Grill
LFood:Dining
CR
^
D05/09/2023
T-27.76
PThai Basil Restaurant
LFood:Dining
CR
^
D05/09/2023
T-7.64
PStarbucks
LFood:Coffee
CR
^
D05/10/2023
T-111.37
PWhole Foods Market
LFood:Groceries
CR
A123 Market St
ASan Francisco, CA 94102
^
D05/10/2023
T-47.09
PUber Eats
LFood:Dining
CR
^
D05/10/2023
T-7.56
PStarbucks
LFood:Coffee
CR
^
D05/12/2023
T-75.15
PTrader Joe's
LFood:Groceries
CR
A456 Grocery Ave
ASan Francisco, CA 94103
^
D05/12/2023
T-40.69
PPizza Hut
LFood:Dining
CR
^
D05/13/2023
T-148.04
PApple Store
LPersonal:Education
Cc
^
D05/14/2023
T-51.89
PUber Eats
LFood:Dining
CR
^
D05/15/2023
T-4.57
PStarbucks
LFood:Coffee
CR
^
D05/16/2023
T-53.69
PWhole Foods Market
LFood:Groceries
CR
A123 Market St
ASan Francisco, CA 94102
^
D05/17/2023
T-6.34
PPeet's Coffee
LFood:Coffee
CR
^
D05/18/2023
T-5.00
PStarbucks
LFood:Coffee
CR
^
D05/19/2023
T-7.56
PPeet's Coffee
LFood:Coffee
CR
^
D05/20/2023
T-41.25
PLyft
LTransportation:Rideshare
CR
^
D05/21/2023
T-118.88
PTrader Joe's
LFood:Groceries
CR
A456 Grocery Ave
ASan Francisco, CA 94103
^
D05/21/2023
T-61.34
P76 Station
LTransportation:Gas
CR
^
D05/22/2023
T-64.61
PThai Basil Restaurant
LFood:Dining
CR
^
D05/23/2023
T-7.46
PPeet's Coffee
LFood:Coffee
CR
^
D05/24/2023
T-57.83
PDoorDash
LFood:Dining
CR
^
D05/24/2023
T-45.00
PShell
LTransportation:Gas
CR
^
D05/25/2023
T-47.25
PPizza Hut
LFood:Dining
CR
^
D05/25/2023
T-7.63
PStarbucks
LFood:Coffee
CR
^
D05/28/2023
T2191.78
PPayment from Checking
MPayment received
L[Primary Checking]
CR
^
D05/28/2023
T-128.20
PTarget
LFood:Groceries
Cc
^
D05/28/2023
T-59.14
PChipotle Mexican Grill
LFood:Dining
Cc
^
D05/29/2023
T-6.16
PPeet's Coffee
LFood:Coffee
CR
^
D05/30/2023
T-31.75
PChipotle Mexican Grill
LFood:Dining
CR
^
D05/30/2023
T-4.31
PStarbucks
LFood:Coffee
CR
^
D05/31/2023
T-22.59
PPizza Hut
LFood:Dining
CR
^
D06/02/2023
T-58.26
PPizza Hut
LFood:Dining
CR
^
D06/02/2023
T-4.12
PStarbucks
LFood:Coffee
CR
^
D06/03/2023
T-18.62
PLyft
LTransportation:Rideshare
CR
^
D06/04/2023
T-50.62
PThai Basil Restaurant
LFood:Dining
^
D06/04/2023
T-51.27
PShell
LTransportation:Gas
^
D06/05/2023
T-10.99
PSpotify
LUtilities:Streaming
CR
^
D06/05/2023
T-7.99
PDisney+
LUtilities:Streaming
CR
^
D06/05/2023
T-21.27
PChipotle Mexican Grill
LFood:Dining
CR
^
D06/06/2023
T-18.07
PThai Basil Restaurant
LFood:Dining
CR
^
D06/07/2023
T-26.78
PDoorDash
LFood:Dining
CR
^
D06/08/2023
T-31.25
PThai Basil Restaurant
LFood:Dining
^
D06/08/2023
T-5.39
PStarbucks
LFood:Coffee
CR
^
D06/09/2023
T-15.99
PNetflix
LUtilities:Streaming
CR
^
D06/09/2023
T-14.99
PAmazon
LPersonal:Subscriptions
CR
A410 Terry Ave N
ASeattle, WA 98109
^
D06/10/2023
T-30.41
PPizza Hut
LFood:Dining
CR
^
D06/10/2023
T-56.88
P76 Station
LTransportation:Gas
CR
^
D06/11/2023
T-51.75
PDoorDash
LFood:Dining
CR
^
D06/11/2023
T-26.94
PUber
LTransportation:Rideshare
CR
^
D06/11/2023
T-136.21
PBest Buy
LEntertainment:Games
CR
^
D06/12/2023
T-4.70
PPeet's Coffee
LFood:Coffee
CR
^
D06/12/2023
T-120.40
PNordstrom
LPersonal:Clothing
CR
^
D06/13/2023
T-44.66
PChipotle Mexican Grill
LFood:Dining
^
D06/13/2023
T-5.50
PPeet's Coffee
LFood:Coffee
^
D06/14/2023
T-36.30
PThai Basil Restaurant
LFood:Dining
CR
^
D06/15/2023
T-4.09
PPeet's Coffee
LFood:Coffee
CR
^
D06/16/2023
T-50.20
PUber Eats
LFood:Dining
CR
^
D06/16/2023
T-6.54
PPeet's Coffee
LFood:Coffee
CR
^
D06/16/2023
T-194.54
PApple Store
LPersonal:Education
CR
^
D06/20/2023
T-59.19
PPizza Hut
LFood:Dining
CR
^
D06/21/2023
T-5.46
PPeet's Coffee
LFood:Coffee
CR
^
D06/23/2023
T-55.84
PThai Basil Restaurant
LFood:Dining
CR
^
D06/23/2023
T-7.36
PStarbucks
LFood:Coffee
^
D06/23/2023
T-112.91
PREI
LEntertainment:Sports
CR
^
D06/24/2023
T-136.19
PWhole Foods Market
LFood:Groceries
CR
A123 Market St
ASan Francisco, CA 94102
^
D06/24/2023
T-44.73
PThai Basil Restaurant
LFood:Dining
^
D06/26/2023
T-4.38
PPeet's Coffee
LFood:Coffee
CR
^
D06/27/2023
T-120.03
PWhole Foods Market
LFood:Groceries
CR
A123 Market St
ASan Francisco, CA 94102
^
D06/27/2023
T-24.80
PChipotle Mexican Grill
LFood:Dining
CR
^
D06/27/2023
T-4.55
PPeet's Coffee
LFood:Coffee
CR
^
D06/28/2023
T2777.66
PPayment from Checking
MPayment received
L[Primary Checking]
CR
^
D06/28/2023
T-72.95
PWhole Foods Market
LFood:Groceries
CR
A123 Market St
ASan Francisco, CA 94102
^
D06/28/2023
T-4.46
PPeet's Coffee
LFood:Coffee
CR
^
D06/29/2023
T-63.73
PThai Basil Restaurant
LFood:Dining
CR
^
D06/30/2023
T-155.95
PTrader Joe's
LFood:Groceries
CR
A456 Grocery Ave
ASan Francisco, CA 94103
^
D06/30/2023
T-4.08
PStarbucks
LFood:Coffee
CR
^
D07/01/2023
T-33.26
PThai Basil Restaurant
LFood:Dining
CR
^
D07/01/2023
T-66.81
PShell
LTransportation:Gas
CR
^
D07/02/2023
T-74.73
PChipotle Mexican Grill
LFood:Dining
CR
^
D07/03/2023
T-128.23
PCostco
LFood:Groceries
CR
^
D07/04/2023
T-37.32
PChipotle Mexican Grill
LFood:Dining
CR
^
D07/04/2023
T-5.35
PStarbucks
LFood:Coffee
CR
^
D07/05/2023
T-10.99
PSpotify
LUtilities:Streaming
CR
^
D07/05/2023
T-80.39
PWhole Foods Market
LFood:Groceries
CR
A123 Market St
ASan Francisco, CA 94102
^
D07/05/2023
T-7.05
PStarbucks
LFood:Coffee
CR
^
D07/05/2023
T-64.44
PShell
LTransportation:Gas
CR
^
D07/06/2023
T-14.99
PAmazon
LPersonal:Subscriptions
CR
A410 Terry Ave N
ASeattle, WA 98109
^
D07/06/2023
T-157.00
PWhole Foods Market
LFood:Groceries
CR
A123 Market St
ASan Francisco, CA 94102
^
D07/06/2023
T-53.50
PPizza Hut
LFood:Dining
CR
^
D07/06/2023
T-90.96
PNordstrom
LPersonal:Clothing
CR
^
D07/07/2023
T-17.43
PDoorDash
LFood:Dining
CR
^
D07/07/2023
T-6.35
PStarbucks
LFood:Coffee
CR
^
D07/07/2023
T-172.87
PCostco
MSplit purchase - groceries and household
CR
SFood:Groceries
$-121.01
SHousing:Maintenance
$-51.86
^
D07/08/2023
T-155.79
PSafeway
LFood:Groceries
CR
^
D07/08/2023
T-67.58
PUber Eats
LFood:Dining
CR
^
D07/09/2023
T-15.99
PNetflix
LUtilities:Streaming
CR
^
D07/09/2023
T-7.99
PDisney+
LUtilities:Streaming
CR
^
D07/10/2023
T-52.12
PPizza Hut
LFood:Dining
CR
^
D07/10/2023
T-4.21
PPeet's Coffee
LFood:Coffee
CR
^
D07/11/2023
T-101.82
PCostco
LFood:Groceries
CR
^
D07/11/2023
T-5.24
PStarbucks
LFood:Coffee
CR
^
D07/12/2023
T-4.13
PPeet's Coffee
LFood:Coffee
CR
^
D07/13/2023
T-6.18
PPeet's Coffee
LFood:Coffee
CR
^
D07/14/2023
T-146.26
PCostco
LFood:Groceries
CR
^
D07/14/2023
T-5.68
PStarbucks
LFood:Coffee
CR
^
D07/15/2023
T-38.61
PUber Eats
LFood:Dining
^
D07/15/2023
T-20.07
PLyft
LTransportation:Rideshare
CR
^
D07/16/2023
T-86.76
PWhole Foods Market
LFood:Groceries
CR
A123 Market St
ASan Francisco, CA 94102
^
D07/16/2023
T-33.50
PREI
LEntertainment:Sports
CR
^
D07/17/2023
T-39.32
PPizza Hut
LFood:Dining
CR
^
D07/17/2023
T-161.14
PBest Buy
LEntertainment:Games
CR
^
D07/18/2023
T-101.51
PSafeway
LFood:Groceries
CR
^
D07/18/2023
T-34.38
PUber Eats
LFood:Dining
CR
^
D07/18/2023
T-593.20
PSouthwest Airlines
MSummer vacation flights
LTravel:Flights
CR
^
D07/19/2023
T-133.51
PSafeway
LFood:Groceries
CR
^
D07/19/2023
T-4.53
PPeet's Coffee
LFood:Coffee
^
D07/19/2023
T-1186.64
PAirbnb
MSummer vacation lodging
LTravel:Hotels
CR
^
D07/20/2023
T-175.24
PTrader Joe's
LFood:Groceries
Cc
A456 Grocery Ave
ASan Francisco, CA 94103
^
D07/20/2023
T-20.04
PThai Basil Restaurant
LFood:Dining
CR
^
D07/23/2023
T-101.63
PWhole Foods Market
LFood:Groceries
CR
A123 Market St
ASan Francisco, CA 94102
^
D07/24/2023
T-5.04
PPeet's Coffee
LFood:Coffee
CR
^
D07/24/2023
T-39.84
PShell
LTransportation:Gas
CR
^
D07/25/2023
T-7.91
PStarbucks
LFood:Coffee
CR
^
D07/25/2023
T-50.66
PShell
LTransportation:Gas
CR
^
D07/26/2023
T-17.19
PPizza Hut
LFood:Dining
CR
^
D07/28/2023
T3360.92
PPayment from Checking
MPayment received
L[Primary Checking]
CR
^
D07/28/2023
T-83.41
PWhole Foods Market
LFood:Groceries
CR
A123 Market St
ASan Francisco, CA 94102
^
D07/28/2023
T-5.95
PStarbucks
LFood:Coffee
CR
^
D07/29/2023
T-71.39
PTrader Joe's
LFood:Groceries
CR
A456 Grocery Ave
ASan Francisco, CA 94103
^
D07/29/2023
T-27.10
PChipotle Mexican Grill
LFood:Dining
Cc
^
D07/29/2023
T-38.73
PShell
LTransportation:Gas
CR
^
D07/30/2023
T-38.60
PDoorDash
LFood:Dining
CR
^
D07/31/2023
T-57.68
PThai Basil Restaurant
LFood:Dining
CR
^
D07/31/2023
T-5.41
PPeet's Coffee
LFood:Coffee
CR
^
D08/01/2023
T-48.02
PUber Eats
LFood:Dining
Cc
^
D08/01/2023
T-5.93
PStarbucks
LFood:Coffee
CR
^
D08/03/2023
T-40.76
PChipotle Mexican Grill
LFood:Dining
CR
^
D08/03/2023
T-4.77
PPeet's Coffee
LFood:Coffee
CR
^
D08/03/2023
T-160.89
PWhole Foods Market
MSplit purchase - groceries and household
A123 Market St
ASan Francisco, CA 94102
SFood:Groceries
$-112.62
SHousing:Maintenance
$-48.27
^
D08/03/2023
T-121.61
PWalgreens
MMedical expense
LHealthcare:Pharmacy
CR
^
D08/04/2023
T-20.30
PChipotle Mexican Grill
LFood:Dining
^
D08/04/2023
T-7.59
PPeet's Coffee
LFood:Coffee
CR
^
D08/05/2023
T-137.78
PCostco
LFood:Groceries
CR
^
D08/05/2023
T-15.14
PUber
LTransportation:Rideshare
CR
^
D08/06/2023
T-7.99
PDisney+
LUtilities:Streaming
CR
^
D08/06/2023
T-14.99
PAmazon
LPersonal:Subscriptions
CR
A410 Terry Ave N
ASeattle, WA 98109
^
D08/06/2023
T-42.78
PLyft
LTransportation:Rideshare
CR
^
D08/07/2023
T-61.47
PPizza Hut
LFood:Dining
CR
^
D08/07/2023
T-6.46
PStarbucks
LFood:Coffee
CR
^
D08/07/2023
T-93.07
PApple Store
LPersonal:Education
CR
^
D08/08/2023
T-15.99
PNetflix
LUtilities:Streaming
CR
^
D08/08/2023
T-10.99
PSpotify
LUtilities:Streaming
CR
^
D08/08/2023
T-62.80
PUber Eats
LFood:Dining
CR
^
D08/09/2023
T-122.08
PTarget
LFood:Groceries
CR
^
D08/09/2023
T-6.27
PStarbucks
LFood:Coffee
^
D08/11/2023
T-147.92
PTarget
LFood:Groceries
Cc
^
D08/11/2023
T-32.78
PPizza Hut
LFood:Dining
CR
^
D08/11/2023
T-4.83
PPeet's Coffee
LFood:Coffee
CR
^
D08/12/2023
T-37.73
PDoorDash
LFood:Dining
CR
^
D08/13/2023
T-66.21
PTarget
LFood:Groceries
CR
^
D08/13/2023
T-52.08
PUber Eats
LFood:Dining
CR
^
D08/14/2023
T-7.19
PStarbucks
LFood:Coffee
CR
^
D08/14/2023
T-125.53
PApple Store
LPersonal:Education
CR
^
D08/15/2023
T-7.10
PStarbucks
LFood:Coffee
Cc
^
D08/16/2023
T-52.56
PShell
LTransportation:Gas
CR
^
D08/17/2023
T-7.78
PStarbucks
LFood:Coffee
CR
^
D08/17/2023
T-61.19
P76 Station
LTransportation:Gas
CR
^
D08/18/2023
T-137.29
PCostco
LFood:Groceries
CR
^
D08/18/2023
T-20.88
PPizza Hut
LFood:Dining
CR
^
D08/18/2023
T-5.29
PStarbucks
LFood:Coffee
CR
^
D08/20/2023
T-38.68
PPizza Hut
LFood:Dining
Cc
^
D08/21/2023
T-5.94
PStarbucks
LFood:Coffee
CR
^
D08/22/2023
T-7.25
PStarbucks
LFood:Coffee
CR
^
D08/23/2023
T-155.20
PSafeway
LFood:Groceries
CR
^
D08/23/2023
T-7.11
PStarbucks
LFood:Coffee
CR
^
D08/24/2023
T-48.17
PDoorDash
LFood:Dining
CR
^
D08/24/2023
T-6.85
PPeet's Coffee
LFood:Coffee
CR
^
D08/25/2023
T-45.50
PThai Basil Restaurant
LFood:Dining
CR
^
D08/25/2023
T-5.82
PPeet's Coffee
LFood:Coffee
CR
^
D08/27/2023
T-56.61
P76 Station
LTransportation:Gas
^
D08/28/2023
T2098.68
PPayment from Checking
MPayment received
L[Primary Checking]
CR
^
D08/28/2023
T-50.96
PDoorDash
LFood:Dining
CR
^
D08/28/2023
T-7.82
PPeet's Coffee
LFood:Coffee
CR
^
D08/30/2023
T-5.24
PStarbucks
LFood:Coffee
CR
^
D08/31/2023
T-70.51
PCostco
LFood:Groceries
CR
^
D09/01/2023
T-159.66
PTarget
LFood:Groceries
CR
^
D09/01/2023
T-13.88
PChipotle Mexican Grill
LFood:Dining
Cc
^
D09/01/2023
T-5.80
PPeet's Coffee
LFood:Coffee
CR
^
D09/02/2023
T-40.05
PDoorDash
LFood:Dining
CR
^
D09/02/2023
T-68.26
P76 Station
LTransportation:Gas
CR
^
D09/03/2023
T-128.39
PSafeway
LFood:Groceries
CR
^
D09/03/2023
T-48.17
PPizza Hut
LFood:Dining
CR
^
D09/03/2023
T-32.56
PUber
LTransportation:Rideshare
CR
^
D09/04/2023
T-122.19
PSafeway
LFood:Groceries
CR
^
D09/04/2023
T-55.31
PUber Eats
LFood:Dining
CR
^
D09/04/2023
T-6.75
PStarbucks
LFood:Coffee
^
D09/05/2023
T-10.99
PSpotify
LUtilities:Streaming
CR
^
D09/05/2023
T-86.05
PCostco
LFood:Groceries
CR
^
D09/05/2023
T-42.87
PDoorDash
LFood:Dining
CR
^
D09/06/2023
T-113.86
PTarget
LFood:Groceries
^
D09/06/2023
T-61.04
PDoorDash
LFood:Dining
CR
^
D09/06/2023
T-5.59
PPeet's Coffee
LFood:Coffee
CR
^
D09/07/2023
T-15.99
PNetflix
LUtilities:Streaming
CR
^
D09/07/2023
T-6.97
PStarbucks
LFood:Coffee
CR
^
D09/08/2023
T-4.69
PStarbucks
LFood:Coffee
CR
^
D09/09/2023
T-7.99
PDisney+
LUtilities:Streaming
CR
^
D09/09/2023
T-14.99
PAmazon
LPersonal:Subscriptions
CR
A410 Terry Ave N
ASeattle, WA 98109
^
D09/09/2023
T-102.62
PTarget
LFood:Groceries
CR
^
D09/10/2023
T-56.75
PDoorDash
LFood:Dining
CR
^
D09/11/2023
T-112.46
PTrader Joe's
LFood:Groceries
CR
A456 Grocery Ave
ASan Francisco, CA 94103
^
D09/11/2023
T-4.42
PPeet's Coffee
LFood:Coffee
CR
^
D09/12/2023
T-28.83
PUber Eats
LFood:Dining
CR
^
D09/12/2023
T-7.96
PPeet's Coffee
LFood:Coffee
CR
^
D09/14/2023
T-47.22
PTrader Joe's
LFood:Groceries
Cc
A456 Grocery Ave
ASan Francisco, CA 94103
^
D09/14/2023
T-61.23
PDoorDash
LFood:Dining
CR
^
D09/14/2023
T-61.51
PShell
LTransportation:Gas
CR
^
D09/15/2023
T-67.05
PThai Basil Restaurant
LFood:Dining
CR
^
D09/15/2023
T-7.53
PPeet's Coffee
LFood:Coffee
CR
^
D09/16/2023
T-36.00
PUber
LTransportation:Rideshare
CR
^
D09/17/2023
T-43.12
PSafeway
LFood:Groceries
CR
^
D09/17/2023
T-63.62
PUber Eats
LFood:Dining
CR
^
D09/17/2023
T-26.11
PUber
LTransportation:Rideshare
CR
^
D09/18/2023
T-116.65
PTrader Joe's
LFood:Groceries
CR
A456 Grocery Ave
ASan Francisco, CA 94103
^
D09/18/2023
T-6.31
PPeet's Coffee
LFood:Coffee
CR
^
D09/18/2023
T-47.08
PChevron
LTransportation:Gas
CR
^
D09/19/2023
T-52.81
PUber Eats
LFood:Dining
CR
^
D09/19/2023
T-133.58
PApple Store
LPersonal:Education
CR
^
D09/20/2023
T-7.66
PPeet's Coffee
LFood:Coffee
CR
^
D09/20/2023
T-129.44
PApple Store
LPersonal:Education
CR
^
D09/21/2023
T-153.66
PWhole Foods Market
LFood:Groceries
CR
A123 Market St
ASan Francisco, CA 94102
^
D09/21/2023
T-61.00
PDoorDash
LFood:Dining
CR
^
D09/21/2023
T-4.78
PStarbucks
LFood:Coffee
CR
^
D09/21/2023
T-144.47
PREI
LEntertainment:Sports
CR
^
D09/22/2023
T-70.04
PDoorDash
LFood:Dining
CR
^
D09/23/2023
T-131.70
PCostco
LFood:Groceries
CR
^
D09/23/2023
T-22.42
PLyft
LTransportation:Rideshare
CR
^
D09/25/2023
T-28.50
PChipotle Mexican Grill
LFood:Dining
^
D09/26/2023
T-131.83
PTrader Joe's
LFood:Groceries
CR
A456 Grocery Ave
ASan Francisco, CA 94103
^
D09/26/2023
T-31.40
PPizza Hut
LFood:Dining
CR
^
D09/26/2023
T-7.48
PPeet's Coffee
LFood:Coffee
CR
^
D09/26/2023
T-135.72
PCVS Pharmacy
MMedical expense
LHealthcare:Pharmacy
CR
^
D09/27/2023
T-70.15
PShell
LTransportation:Gas
CR
^
D09/28/2023
T1790.53
PPayment from Checking
MPayment received
L[Primary Checking]
CR
^
D09/28/2023
T-46.69
PThai Basil Restaurant
LFood:Dining
CR
^
D09/28/2023
T-4.54
PStarbucks
LFood:Coffee
CR
^
D09/28/2023
T-66.29
P76 Station
LTransportation:Gas
CR
^
D09/29/2023
T-51.17
PCostco
LFood:Groceries
CR
^
D09/29/2023
T-4.81
PStarbucks
LFood:Coffee
CR
^
D09/30/2023
T-74.53
PShell
LTransportation:Gas
CR
^
D10/01/2023
T-84.67
PTrader Joe's
LFood:Groceries
Cc
A456 Grocery Ave
ASan Francisco, CA 94103
^
D10/01/2023
T-35.05
PPizza Hut
LFood:Dining
CR
^
D10/01/2023
T-15.13
PLyft
LTransportation:Rideshare
CR
^
D10/02/2023
T-70.27
PChipotle Mexican Grill
LFood:Dining
CR
^
D10/03/2023
T-6.40
PStarbucks
LFood:Coffee
CR
^
D10/03/2023
T-158.33
PSafeway
MSplit purchase - groceries and household
CR
SFood:Groceries
$-110.83
SHousing:Maintenance
$-47.50
^
D10/04/2023
T-119.51
PCostco
LFood:Groceries
CR
^
D10/04/2023
T-15.61
PDoorDash
LFood:Dining
CR
^
D10/04/2023
T-4.04
PPeet's Coffee
LFood:Coffee
CR
^
D10/05/2023
T-15.99
PNetflix
LUtilities:Streaming
CR
^
D10/05/2023
T-14.99
PAmazon
LPersonal:Subscriptions
CR
A410 Terry Ave N
ASeattle, WA 98109
^
D10/05/2023
T-51.86
PTarget
LFood:Groceries
CR
^
D10/05/2023
T-4.97
PPeet's Coffee
LFood:Coffee
CR
^
D10/05/2023
T-112.20
PREI
LEntertainment:Sports
CR
^
D10/06/2023
T-7.99
PDisney+
LUtilities:Streaming
CR
^
D10/07/2023
T-10.99
PSpotify
LUtilities:Streaming
CR
^
D10/07/2023
T-113.05
PWhole Foods Market
LFood:Groceries
CR
A123 Market St
ASan Francisco, CA 94102
^
D10/07/2023
T-24.36
PChipotle Mexican Grill
LFood:Dining
CR
^
D10/07/2023
T-44.33
PLyft
LTransportation:Rideshare
CR
^
D10/08/2023
T-52.25
PPizza Hut
LFood:Dining
Cc
^
D10/09/2023
T-4.43
PPeet's Coffee
LFood:Coffee
CR
^
D10/10/2023
T-5.78
PStarbucks
LFood:Coffee
CR
^
D10/11/2023
T-62.79
PSafeway
LFood:Groceries
CR
^
D10/11/2023
T-6.01
PPeet's Coffee
LFood:Coffee
CR
^
D10/12/2023
T-5.85
PPeet's Coffee
LFood:Coffee
CR
^
D10/13/2023
T-65.41
PThai Basil Restaurant
LFood:Dining
CR
^
D10/14/2023
T-103.40
PTarget
LFood:Groceries
^
D10/14/2023
T-52.41
PUber Eats
LFood:Dining
CR
^
D10/15/2023
T-36.82
PLyft
LTransportation:Rideshare
CR
^
D10/16/2023
T-6.78
PPeet's Coffee
LFood:Coffee
CR
^
D10/17/2023
T-64.79
PChipotle Mexican Grill
LFood:Dining
CR
^
D10/17/2023
T-7.47
PPeet's Coffee
LFood:Coffee
CR
^
D10/18/2023
T-4.26
PStarbucks
LFood:Coffee
CR
^
D10/19/2023
T-33.98
PChipotle Mexican Grill
LFood:Dining
CR
^
D10/21/2023
T-167.24
PTrader Joe's
LFood:Groceries
CR
A456 Grocery Ave
ASan Francisco, CA 94103
^
D10/21/2023
T-91.84
PTarget
MSplit purchase - groceries and household
CR
SFood:Groceries
$-64.29
SHousing:Maintenance
$-27.55
^
D10/23/2023
T-29.26
PDoorDash
LFood:Dining
CR
^
D10/23/2023
T-5.98
PStarbucks
LFood:Coffee
CR
^
D10/24/2023
T-70.70
PThai Basil Restaurant
LFood:Dining
CR
^
D10/25/2023
T-42.29
PCostco
LFood:Groceries
CR
^
D10/25/2023
T-6.32
PStarbucks
LFood:Coffee
CR
^
D10/26/2023
T-25.94
PUber Eats
LFood:Dining
CR
^
D10/26/2023
T-4.25
PPeet's Coffee
LFood:Coffee
CR
^
D10/27/2023
T-68.59
PChipotle Mexican Grill
LFood:Dining
CR
^
D10/27/2023
T-5.30
PPeet's Coffee
LFood:Coffee
CR
^
D10/28/2023
T1826.27
PPayment from Checking
MPayment received
L[Primary Checking]
CR
^
D10/28/2023
T-85.43
PSafeway
LFood:Groceries
CR
^
D10/28/2023
T-19.02
PDoorDash
LFood:Dining
CR
^
D10/28/2023
T-36.64
PUber
LTransportation:Rideshare
CR
^
D10/29/2023
T-35.51
PPizza Hut
LFood:Dining
CR
^
D10/29/2023
T-44.38
PLyft
LTransportation:Rideshare
CR
^
D10/30/2023
T-6.36
PPeet's Coffee
LFood:Coffee
CR
^
D11/01/2023
T-59.82
PUber Eats
LFood:Dining
CR
^
D11/01/2023
T-5.84
PStarbucks
LFood:Coffee
CR
^
D11/02/2023
T-115.61
PSafeway
LFood:Groceries
CR
^
D11/02/2023
T-7.36
PPeet's Coffee
LFood:Coffee
CR
^
D11/03/2023
T-6.54
PStarbucks
LFood:Coffee
CR
^
D11/04/2023
T-60.16
PCostco
LFood:Groceries
CR
^
D11/04/2023
T-18.97
PUber
LTransportation:Rideshare
CR
^
D11/06/2023
T-10.99
PSpotify
LUtilities:Streaming
CR
^
D11/06/2023
T-13.86
PDoorDash
LFood:Dining
Cc
^
D11/07/2023
T-88.04
PTarget
LFood:Groceries
CR
^
D11/08/2023
T-15.99
PNetflix
LUtilities:Streaming
CR
^
D11/08/2023
T-7.99
PDisney+
LUtilities:Streaming
CR
^
D11/08/2023
T-14.99
PAmazon
LPersonal:Subscriptions
CR
A410 Terry Ave N
ASeattle, WA 98109
^
D11/08/2023
T-5.06
PPeet's Coffee
LFood:Coffee
CR
^
D11/10/2023
T-42.21
PChipotle Mexican Grill
LFood:Dining
CR
^
D11/10/2023
T-7.99
PPeet's Coffee
LFood:Coffee
CR
^
D11/11/2023
T-138.56
PWhole Foods Market
LFood:Groceries
CR
A123 Market St
ASan Francisco, CA 94102
^
D11/11/2023
T-44.97
PLyft
LTransportation:Rideshare
CR
^
D11/12/2023
T-45.80
PUber Eats
LFood:Dining
CR
^
D11/12/2023
T-53.69
PShell
LTransportation:Gas
CR
^
D11/13/2023
T-4.87
PPeet's Coffee
LFood:Coffee
CR
^
D11/14/2023
T-97.54
PSafeway
LFood:Groceries
^
D11/14/2023
T-29.88
PChipotle Mexican Grill
LFood:Dining
CR
^
D11/14/2023
T-4.00
PPeet's Coffee
LFood:Coffee
Cc
^
D11/15/2023
T-142.57
PCostco
LFood:Groceries
Cc
^
D11/15/2023
T-26.22
PThai Basil Restaurant
LFood:Dining
CR
^
D11/16/2023
T-56.55
PChipotle Mexican Grill
LFood:Dining
CR
^
D11/16/2023
T-4.64
PStarbucks
LFood:Coffee
CR
^
D11/16/2023
T-39.77
PShell
LTransportation:Gas
CR
^
D11/17/2023
T-57.67
PWhole Foods Market
LFood:Groceries
CR
A123 Market St
ASan Francisco, CA 94102
^
D11/17/2023
T-37.93
PThai Basil Restaurant
LFood:Dining
CR
^
D11/17/2023
T-5.97
PStarbucks
LFood:Coffee
CR
^
D11/18/2023
T-104.30
PTarget
LFood:Groceries
CR
^
D11/18/2023
T-70.63
PPizza Hut
LFood:Dining
CR
^
D11/20/2023
T-54.78
PThai Basil Restaurant
LFood:Dining
CR
^
D11/20/2023
T-164.60
PTrader Joe's
MSplit purchase - groceries and household
CR
A456 Grocery Ave
ASan Francisco, CA 94103
SFood:Groceries
$-115.22
SHousing:Maintenance
$-49.38
^
D11/22/2023
T-18.66
PPizza Hut
LFood:Dining
CR
^
D11/22/2023
T-5.41
PPeet's Coffee
LFood:Coffee
CR
^
D11/23/2023
T-16.77
PThai Basil Restaurant
LFood:Dining
CR
^
D11/23/2023
T-7.43
PStarbucks
LFood:Coffee
CR
^
D11/23/2023
T-74.10
PShell
LTransportation:Gas
CR
^
D11/24/2023
T-83.10
PTarget
LFood:Groceries
CR
^
D11/24/2023
T-4.07
PPeet's Coffee
LFood:Coffee
CR
^
D11/24/2023
T-70.37
PShell
LTransportation:Gas
CR
^
D11/26/2023
T-89.00
PWhole Foods Market
LFood:Groceries
CR
A123 Market St
ASan Francisco, CA 94102
^
D11/26/2023
T-26.97
PChipotle Mexican Grill
LFood:Dining
CR
^
D11/26/2023
T-29.81
PLyft
LTransportation:Rideshare
CR
^
D11/27/2023
T-121.59
PTarget
LFood:Groceries
CR
^
D11/27/2023
T-38.14
PChipotle Mexican Grill
LFood:Dining
Cc
^
D11/27/2023
T-5.69
PPeet's Coffee
LFood:Coffee
CR
^
D11/28/2023
T3015.73
PPayment from Checking
MPayment received
L[Primary Checking]
CR
^
D11/28/2023
T-4.18
PPeet's Coffee
LFood:Coffee
CR
^
D11/28/2023
T-42.09
P76 Station
LTransportation:Gas
CR
^
D11/29/2023
T-68.80
PChipotle Mexican Grill
LFood:Dining
CR
^
D11/29/2023
T-4.50
PStarbucks
LFood:Coffee
CR
^
D11/30/2023
T-62.51
PDoorDash
LFood:Dining
CR
^
D11/30/2023
T-6.99
PStarbucks
LFood:Coffee
CR
^
D12/01/2023
T-5.59
PStarbucks
LFood:Coffee
Cc
^
D12/01/2023
T-35.93
P76 Station
LTransportation:Gas
CR
^
D12/02/2023
T-76.19
PTarget
LFood:Groceries
CR
^
D12/02/2023
T-64.52
PUber Eats
LFood:Dining
CR
^
D12/02/2023
T-50.89
PShell
LTransportation:Gas
CR
^
D12/02/2023
T-15.77
PLyft
LTransportation:Rideshare
CR
^
D12/03/2023
T-97.00
PTarget
LFood:Groceries
CR
^
D12/03/2023
T-55.53
PDoorDash
LFood:Dining
CR
^
D12/03/2023
T-74.30
PBest Buy
LEntertainment:Games
CR
^
D12/04/2023
T-37.12
PUber Eats
LFood:Dining
CR
^
D12/04/2023
T-6.83
PStarbucks
LFood:Coffee
CR
^
D12/05/2023
T-34.56
PThai Basil Restaurant
LFood:Dining
CR
^
D12/05/2023
T-6.60
PStarbucks
LFood:Coffee
CR
^
D12/07/2023
T-71.01
PShell
LTransportation:Gas
CR
^
D12/08/2023
T-10.99
PSpotify
LUtilities:Streaming
CR
^
D12/08/2023
T-7.32
PPeet's Coffee
LFood:Coffee
CR
^
D12/09/2023
T-15.99
PNetflix
LUtilities:Streaming
CR
^
D12/09/2023
T-7.99
PDisney+
LUtilities:Streaming
CR
^
D12/09/2023
T-14.99
PAmazon
LPersonal:Subscriptions
CR
A410 Terry Ave N
ASeattle, WA 98109
^
D12/09/2023
T-13.61
PThai Basil Restaurant
LFood:Dining
CR
^
D12/09/2023
T-31.63
PUber
LTransportation:Rideshare
CR
^
D12/10/2023
T-51.32
PPizza Hut
LFood:Dining
CR
^
D12/10/2023
T-45.93
PShell
LTransportation:Gas
CR
^
D12/13/2023
T-146.16
PWhole Foods Market
LFood:Groceries
CR
A123 Market St
ASan Francisco, CA 94102
^
D12/13/2023
T-24.61
PDoorDash
LFood:Dining
CR
^
D12/13/2023
T-7.07
PStarbucks
LFood:Coffee
CR
^
D12/14/2023
T-165.02
PSafeway
LFood:Groceries
CR
^
D12/14/2023
T-16.99
PChipotle Mexican Grill
LFood:Dining
CR
^
D12/14/2023
T-5.28
PPeet's Coffee
LFood:Coffee
CR
^
D12/15/2023
T-65.80
PWhole Foods Market
LFood:Groceries
CR
A123 Market St
ASan Francisco, CA 94102
^
D12/15/2023
T-119.54
PTarget
MSplit purchase - groceries and household
CR
SFood:Groceries
$-83.68
SHousing:Maintenance
$-35.86
^
D12/17/2023
T-63.35
PCostco
LFood:Groceries
CR
^
D12/17/2023
T-65.31
PChevron
LTransportation:Gas
CR
^
D12/18/2023
T-71.87
PTrader Joe's
LFood:Groceries
CR
A456 Grocery Ave
ASan Francisco, CA 94103
^
D12/18/2023
T-7.58
PPeet's Coffee
LFood:Coffee
CR
^
D12/18/2023
T-46.80
PREI
LEntertainment:Sports
CR
^
D12/19/2023
T-160.22
PCostco
LFood:Groceries
CR
^
D12/19/2023
T-21.08
PThai Basil Restaurant
LFood:Dining
CR
^
D12/19/2023
T-5.25
PStarbucks
LFood:Coffee
CR
^
D12/19/2023
T-35.66
PChevron
LTransportation:Gas
CR
^
D12/19/2023
T-548.05
PSouthwest Airlines
MHoliday travel
LTravel:Flights
CR
^
D12/20/2023
T-40.93
PDoorDash
LFood:Dining
CR
^
D12/20/2023
T-6.89
PStarbucks
LFood:Coffee
CR
^
D12/21/2023
T-55.84
PChipotle Mexican Grill
LFood:Dining
CR
^
D12/22/2023
T-42.67
PWhole Foods Market
LFood:Groceries
CR
A123 Market St
ASan Francisco, CA 94102
^
D12/23/2023
T-153.14
PTarget
LFood:Groceries
CR
^
D12/23/2023
T-39.82
PChevron
LTransportation:Gas
CR
^
D12/24/2023
T-161.55
PWhole Foods Market
LFood:Groceries
CR
A123 Market St
ASan Francisco, CA 94102
^
D12/25/2023
T-124.47
PCostco
LFood:Groceries
CR
^
D12/25/2023
T-194.00
PBest Buy
LEntertainment:Games
CR
^
D12/26/2023
T-6.91
PStarbucks
LFood:Coffee
CR
^
D12/26/2023
T-44.41
P76 Station
LTransportation:Gas
CR
^
D12/27/2023
T-21.12
PUber Eats
LFood:Dining
CR
^
D12/27/2023
T-6.50
PPeet's Coffee
LFood:Coffee
CR
^
D12/28/2023
T1889.54
PPayment from Checking
MPayment received
L[Primary Checking]
CR
^
D12/28/2023
T-100.35
PTarget
LFood:Groceries
CR
^
D12/28/2023
T-60.03
PThai Basil Restaurant
LFood:Dining
CR
^
D12/28/2023
T-44.83
PChevron
LTransportation:Gas
Cc
^
D12/30/2023
T-28.92
PUber Eats
LFood:Dining
CR
^
D12/31/2023
T-83.85
PSafeway
LFood:Groceries
Cc
^
D12/31/2023
T-44.97
PUber
LTransportation:Rideshare
CR
^
D12/31/2023
T-169.75
PTarget
MSplit purchase - groceries and household
CR
SFood:Groceries
$-118.82
SHousing:Maintenance
$-50.93
^
D01/01/2024
T-81.85
PTrader Joe's
LFood:Groceries
CR
A456 Grocery Ave
ASan Francisco, CA 94103
^
D01/01/2024
T-5.17
PPeet's Coffee
LFood:Coffee
CR
^
D01/02/2024
T-67.84
PThai Basil Restaurant
LFood:Dining
CR
^
D01/02/2024
T-4.75
PPeet's Coffee
LFood:Coffee
CR
^
D01/02/2024
T-73.42
P76 Station
LTransportation:Gas
CR
^
D01/03/2024
T-93.57
PSafeway
LFood:Groceries
CR
^
D01/03/2024
T-55.27
PThai Basil Restaurant
LFood:Dining
CR
^
D01/03/2024
T-4.76
PStarbucks
LFood:Coffee
CR
^
D01/03/2024
T-61.95
PShell
LTransportation:Gas
CR
^
D01/04/2024
T-135.56
PTrader Joe's
LFood:Groceries
CR
A456 Grocery Ave
ASan Francisco, CA 94103
^
D01/05/2024
T-7.99
PDisney+
LUtilities:Streaming
CR
^
D01/05/2024
T-14.99
PAmazon
LPersonal:Subscriptions
CR
A410 Terry Ave N
ASeattle, WA 98109
^
D01/05/2024
T-47.87
PThai Basil Restaurant
LFood:Dining
CR
^
D01/05/2024
T-55.69
P76 Station
LTransportation:Gas
CR
^
D01/05/2024
T-128.01
PBest Buy
LEntertainment:Games
CR
^
D01/06/2024
T-52.47
PDoorDash
LFood:Dining
CR
^
D01/07/2024
T-15.99
PNetflix
LUtilities:Streaming
CR
^
D01/07/2024
T-144.68
PTarget
LFood:Groceries
Cc
^
D01/07/2024
T-63.23
P76 Station
LTransportation:Gas
CR
^
D01/07/2024
T-29.00
PLyft
LTransportation:Rideshare
CR
^
D01/09/2024
T-10.99
PSpotify
LUtilities:Streaming
CR
^
D01/09/2024
T-43.60
PUber Eats
LFood:Dining
CR
^
D01/10/2024
T-66.30
P76 Station
LTransportation:Gas
CR
^
D01/10/2024
T-61.05
PBest Buy
LEntertainment:Games
CR
^
D01/11/2024
T-4.05
PPeet's Coffee
LFood:Coffee
CR
^
D01/11/2024
T-37.94
PREI
LEntertainment:Sports
CR
^
D01/12/2024
T-42.32
PTrader Joe's
LFood:Groceries
CR
A456 Grocery Ave
ASan Francisco, CA 94103
^
D01/12/2024
T-64.27
PPizza Hut
LFood:Dining
CR
^
D01/12/2024
T-7.32
PStarbucks
LFood:Coffee
CR
^
D01/13/2024
T-168.05
PTrader Joe's
LFood:Groceries
A456 Grocery Ave
ASan Francisco, CA 94103
^
D01/13/2024
T-33.62
PLyft
LTransportation:Rideshare
CR
^
D01/14/2024
T-37.27
PThai Basil Restaurant
LFood:Dining
CR
^
D01/14/2024
T-74.16
PChevron
LTransportation:Gas
CR
^
D01/15/2024
T-107.72
PBest Buy
LEntertainment:Games
CR
^
D01/16/2024
T-6.15
PPeet's Coffee
LFood:Coffee
CR
^
D01/18/2024
T-70.22
PPizza Hut
LFood:Dining
CR
^
D01/20/2024
T-134.25
PSafeway
LFood:Groceries
CR
^
D01/20/2024
T-61.69
PUber Eats
LFood:Dining
Cc
^
D01/20/2024
T-28.33
PLyft
LTransportation:Rideshare
Cc
^
D01/21/2024
T-46.54
PShell
LTransportation:Gas
CR
^
D01/21/2024
T-148.63
PBest Buy
LEntertainment:Games
CR
^
D01/22/2024
T-49.89
PDoorDash
LFood:Dining
CR
^
D01/22/2024
T-7.21
PPeet's Coffee
LFood:Coffee
CR
^
D01/23/2024
T-29.32
PThai Basil Restaurant
LFood:Dining
CR
^
D01/24/2024
T-18.66
PChipotle Mexican Grill
LFood:Dining
CR
^
D01/24/2024
T-4.38
PStarbucks
LFood:Coffee
CR
^
D01/25/2024
T-80.63
PTrader Joe's
LFood:Groceries
CR
A456 Grocery Ave
ASan Francisco, CA 94103
^
D01/26/2024
T-132.61
PSafeway
LFood:Groceries
CR
^
D01/26/2024
T-58.20
PChipotle Mexican Grill
LFood:Dining
CR
^
D01/26/2024
T-153.48
PREI
LEntertainment:Sports
CR
^
D01/27/2024
T-31.87
PPizza Hut
LFood:Dining
CR
^
D01/28/2024
T3115.53
PPayment from Checking
MPayment received
L[Primary Checking]
CR
^
D01/28/2024
T-49.47
PPizza Hut
LFood:Dining
^
D01/28/2024
T-29.90
PUber
LTransportation:Rideshare
CR
^
D01/29/2024
T-7.82
PStarbucks
LFood:Coffee
Cc
^
D01/30/2024
T-22.83
PThai Basil Restaurant
LFood:Dining
CR
^
D01/30/2024
T-4.09
PPeet's Coffee
LFood:Coffee
CR
^
D01/30/2024
T-146.61
PNordstrom
LPersonal:Clothing
CR
^
D01/31/2024
T-124.64
PSafeway
LFood:Groceries
^
D01/31/2024
T-5.88
PPeet's Coffee
LFood:Coffee
CR
^
D02/01/2024
T-20.18
PChipotle Mexican Grill
LFood:Dining
CR
^
D02/01/2024
T-5.73
PStarbucks
LFood:Coffee
CR
^
D02/02/2024
T-99.00
PSafeway
LFood:Groceries
CR
^
D02/02/2024
T-53.05
PDoorDash
LFood:Dining
^
D02/02/2024
T-4.76
PPeet's Coffee
LFood:Coffee
CR
^
D02/02/2024
T-44.39
PChevron
LTransportation:Gas
CR
^
D02/03/2024
T-177.93
PWhole Foods Market
LFood:Groceries
CR
A123 Market St
ASan Francisco, CA 94102
^
D02/04/2024
T-46.51
PThai Basil Restaurant
LFood:Dining
CR
^
D02/04/2024
T-73.53
P76 Station
LTransportation:Gas
CR
^
D02/04/2024
T-38.80
PLyft
LTransportation:Rideshare
CR
^
D02/04/2024
T-145.68
PNordstrom
LPersonal:Clothing
CR
^
D02/05/2024
T-14.99
PAmazon
LPersonal:Subscriptions
CR
A410 Terry Ave N
ASeattle, WA 98109
^
D02/05/2024
T-61.31
PTarget
LFood:Groceries
CR
^
D02/05/2024
T-7.12
PPeet's Coffee
LFood:Coffee
CR
^
D02/05/2024
T-42.06
PCVS Pharmacy
MMedical expense
LHealthcare:Pharmacy
CR
^
D02/06/2024
T-15.99
PNetflix
LUtilities:Streaming
CR
^
D02/06/2024
T-10.99
PSpotify
LUtilities:Streaming
CR
^
D02/06/2024
T-7.99
PDisney+
LUtilities:Streaming
CR
^
D02/06/2024
T-127.94
PCostco
LFood:Groceries
CR
^
D02/07/2024
T-54.79
PShell
LTransportation:Gas
CR
^
D02/08/2024
T-23.28
PUber Eats
LFood:Dining
CR
^
D02/08/2024
T-7.17
PPeet's Coffee
LFood:Coffee
CR
^
D02/09/2024
T-139.06
PTarget
LFood:Groceries
CR
^
D02/09/2024
T-36.69
PDoorDash
LFood:Dining
CR
^
D02/09/2024
T-7.50
PPeet's Coffee
LFood:Coffee
CR
^
D02/09/2024
T-128.08
PREI
LEntertainment:Sports
CR
^
D02/10/2024
T-86.60
PCostco
LFood:Groceries
CR
^
D02/10/2024
T-43.89
PChipotle Mexican Grill
LFood:Dining
CR
^
D02/10/2024
T-42.61
P76 Station
LTransportation:Gas
CR
^
D02/11/2024
T-33.32
PLyft
LTransportation:Rideshare
Cc
^
D02/13/2024
T-92.74
PSafeway
LFood:Groceries
CR
^
D02/14/2024
T-4.29
PStarbucks
LFood:Coffee
CR
^
D02/15/2024
T-70.76
PSafeway
LFood:Groceries
CR
^
D02/15/2024
T-4.94
PStarbucks
LFood:Coffee
CR
^
D02/16/2024
T-89.45
PSafeway
LFood:Groceries
Cc
^
D02/16/2024
T-45.09
PChevron
LTransportation:Gas
CR
^
D02/18/2024
T-20.60
PUber
LTransportation:Rideshare
Cc
^
D02/19/2024
T-116.38
PSafeway
LFood:Groceries
CR
^
D02/19/2024
T-71.61
PShell
LTransportation:Gas
CR
^
D02/20/2024
T-6.45
PPeet's Coffee
LFood:Coffee
CR
^
D02/21/2024
T-41.31
PChevron
LTransportation:Gas
Cc
^
D02/23/2024
T-61.02
P76 Station
LTransportation:Gas
CR
^
D02/24/2024
T-69.15
PDoorDash
LFood:Dining
CR
^
D02/25/2024
T-16.69
PUber
LTransportation:Rideshare
^
D02/26/2024
T-118.44
PTarget
LFood:Groceries
CR
^
D02/26/2024
T-24.13
PUber Eats
LFood:Dining
CR
^
D02/26/2024
T-7.47
PStarbucks
LFood:Coffee
CR
^
D02/26/2024
T-70.83
P76 Station
LTransportation:Gas
CR
^
D02/27/2024
T-71.13
PUber Eats
LFood:Dining
CR
^
D02/27/2024
T-6.46
PPeet's Coffee
LFood:Coffee
CR
^
D02/28/2024
T2520.74
PPayment from Checking
MPayment received
L[Primary Checking]
CR
^
D02/28/2024
T-103.22
PSafeway
LFood:Groceries
CR
^
D02/28/2024
T-49.55
PDoorDash
LFood:Dining
CR
^
D02/29/2024
T-48.47
PThai Basil Restaurant
LFood:Dining
CR
^
D02/29/2024
T-6.76
PStarbucks
LFood:Coffee
CR
^
D03/01/2024
T-71.46
PChipotle Mexican Grill
LFood:Dining
CR
^
D03/02/2024
T-139.81
PTrader Joe's
LFood:Groceries
CR
A456 Grocery Ave
ASan Francisco, CA 94103
^
D03/03/2024
T-65.95
PDoorDash
LFood:Dining
CR
^
D03/03/2024
T-47.66
PShell
LTransportation:Gas
CR
^
D03/03/2024
T-34.57
PLyft
LTransportation:Rideshare
CR
^
D03/04/2024
T-21.35
PChipotle Mexican Grill
LFood:Dining
CR
^
D03/04/2024
T-60.31
P76 Station
LTransportation:Gas
CR
^
D03/05/2024
T-60.27
PWhole Foods Market
LFood:Groceries
CR
A123 Market St
ASan Francisco, CA 94102
^
D03/05/2024
T-23.59
PThai Basil Restaurant
LFood:Dining
CR
^
D03/06/2024
T-61.91
PChipotle Mexican Grill
LFood:Dining
CR
^
D03/06/2024
T-6.39
PStarbucks
LFood:Coffee
CR
^
D03/07/2024
T-10.99
PSpotify
LUtilities:Streaming
CR
^
D03/07/2024
T-43.96
PThai Basil Restaurant
LFood:Dining
Cc
^
D03/07/2024
T-5.55
PPeet's Coffee
LFood:Coffee
CR
^
D03/08/2024
T-15.99
PNetflix
LUtilities:Streaming
CR
^
D03/08/2024
T-19.05
PUber Eats
LFood:Dining
CR
^
D03/08/2024
T-71.75
PShell
LTransportation:Gas
CR
^
D03/09/2024
T-7.99
PDisney+
LUtilities:Streaming
CR
^
D03/09/2024
T-14.99
PAmazon
LPersonal:Subscriptions
CR
A410 Terry Ave N
ASeattle, WA 98109
^
D03/09/2024
T-45.39
PWhole Foods Market
LFood:Groceries
CR
A123 Market St
ASan Francisco, CA 94102
^
D03/09/2024
T-15.55
PLyft
LTransportation:Rideshare
CR
^
D03/10/2024
T-109.26
PWhole Foods Market
LFood:Groceries
CR
A123 Market St
ASan Francisco, CA 94102
^
D03/10/2024
T-50.32
PShell
LTransportation:Gas
CR
^
D03/11/2024
T-74.68
PTarget
LFood:Groceries
CR
^
D03/11/2024
T-6.93
PPeet's Coffee
LFood:Coffee
CR
^
D03/12/2024
T-60.99
PDoorDash
LFood:Dining
CR
^
D03/12/2024
T-7.30
PPeet's Coffee
LFood:Coffee
CR
^
D03/14/2024
T-87.53
PCostco
LFood:Groceries
CR
^
D03/14/2024
T-26.27
PUber Eats
LFood:Dining
CR
^
D03/15/2024
T-24.88
PPizza Hut
LFood:Dining
CR
^
D03/15/2024
T-4.59
PPeet's Coffee
LFood:Coffee
CR
^
D03/15/2024
T-37.43
P76 Station
LTransportation:Gas
CR
^
D03/16/2024
T-42.09
PPizza Hut
LFood:Dining
CR
^
D03/17/2024
T-43.59
PThai Basil Restaurant
LFood:Dining
CR
^
D03/19/2024
T-19.40
PPizza Hut
LFood:Dining
CR
^
D03/19/2024
T-6.40
PStarbucks
LFood:Coffee
CR
^
D03/19/2024
T-63.79
PShell
LTransportation:Gas
CR
^
D03/21/2024
T-42.82
PUber Eats
LFood:Dining
CR
^
D03/22/2024
T-7.74
PPeet's Coffee
LFood:Coffee
CR
^
D03/23/2024
T-14.68
PPizza Hut
LFood:Dining
Cc
^
D03/23/2024
T-40.99
PLyft
LTransportation:Rideshare
CR
^
D03/24/2024
T-91.67
PTrader Joe's
LFood:Groceries
CR
A456 Grocery Ave
ASan Francisco, CA 94103
^
D03/24/2024
T-107.07
PREI
LEntertainment:Sports
CR
^
D03/25/2024
T-41.13
PSafeway
LFood:Groceries
CR
^
D03/25/2024
T-72.87
PThai Basil Restaurant
LFood:Dining
CR
^
D03/25/2024
T-5.84
PStarbucks
LFood:Coffee
CR
^
D03/27/2024
T-21.45
PPizza Hut
LFood:Dining
CR
^
D03/27/2024
T-5.70
PPeet's Coffee
LFood:Coffee
CR
^
D03/28/2024
T2126.23
PPayment from Checking
MPayment received
L[Primary Checking]
CR
^
D03/28/2024
T-7.43
PStarbucks
LFood:Coffee
CR
^
D03/29/2024
T-147.46
PTarget
LFood:Groceries
CR
^
D03/29/2024
T-32.38
PDoorDash
LFood:Dining
CR
^
D03/31/2024
T-87.65
PTarget
LFood:Groceries
CR
^
D03/31/2024
T-51.09
PShell
LTransportation:Gas
Cc
^
D04/01/2024
T-171.67
PBest Buy
LEntertainment:Games
CR
^
D04/02/2024
T-46.19
PDoorDash
LFood:Dining
CR
^
D04/02/2024
T-6.99
PPeet's Coffee
LFood:Coffee
CR
^
D04/02/2024
T-90.83
PREI
LEntertainment:Sports
CR
^
D04/03/2024
T-24.78
PThai Basil Restaurant
LFood:Dining
Cc
^
D04/03/2024
T-7.65
PStarbucks
LFood:Coffee
CR
^
D04/03/2024
T-50.63
P76 Station
LTransportation:Gas
CR
^
D04/03/2024
T-144.48
PREI
LEntertainment:Sports
CR
^
D04/04/2024
T-61.71
PWhole Foods Market
LFood:Groceries
CR
A123 Market St
ASan Francisco, CA 94102
^
D04/04/2024
T-28.15
PUber Eats
LFood:Dining
CR
^
D04/04/2024
T-4.37
PStarbucks
LFood:Coffee
CR
^
D04/05/2024
T-7.99
PDisney+
LUtilities:Streaming
CR
^
D04/05/2024
T-56.50
PPizza Hut
LFood:Dining
CR
^
D04/05/2024
T-6.96
PStarbucks
LFood:Coffee
CR
^
D04/06/2024
T-14.99
PAmazon
LPersonal:Subscriptions
CR
A410 Terry Ave N
ASeattle, WA 98109
^
D04/06/2024
T-161.07
PTarget
LFood:Groceries
CR
^
D04/06/2024
T-20.46
PDoorDash
LFood:Dining
CR
^
D04/07/2024
T-37.99
PDoorDash
LFood:Dining
CR
^
D04/08/2024
T-15.99
PNetflix
LUtilities:Streaming
CR
^
D04/09/2024
T-10.99
PSpotify
LUtilities:Streaming
CR
^
D04/09/2024
T-42.83
PThai Basil Restaurant
LFood:Dining
CR
^
D04/09/2024
T-5.14
PStarbucks
LFood:Coffee
CR
^
D04/10/2024
T-46.62
PWhole Foods Market
LFood:Groceries
CR
A123 Market St
ASan Francisco, CA 94102
^
D04/10/2024
T-6.61
PPeet's Coffee
LFood:Coffee
CR
^
D04/11/2024
T-74.61
PTrader Joe's
LFood:Groceries
CR
A456 Grocery Ave
ASan Francisco, CA 94103
^
D04/11/2024
T-44.43
PUber Eats
LFood:Dining
CR
^
D04/11/2024
T-4.09
PPeet's Coffee
LFood:Coffee
CR
^
D04/11/2024
T-65.39
P76 Station
LTransportation:Gas
^
D04/12/2024
T-26.06
PPizza Hut
LFood:Dining
CR
^
D04/12/2024
T-6.64
PStarbucks
LFood:Coffee
CR
^
D04/14/2024
T-59.01
PChipotle Mexican Grill
LFood:Dining
CR
^
D04/14/2024
T-35.40
PShell
LTransportation:Gas
CR
^
D04/15/2024
T-163.79
PSafeway
LFood:Groceries
CR
^
D04/15/2024
T-64.90
PPizza Hut
LFood:Dining
CR
^
D04/15/2024
T-109.32
PCostco
MSplit purchase - groceries and household
CR
SFood:Groceries
$-76.52
SHousing:Maintenance
$-32.80
^
D04/16/2024
T-5.54
PPeet's Coffee
LFood:Coffee
CR
^
D04/16/2024
T-36.50
P76 Station
LTransportation:Gas
CR
^
D04/16/2024
T-78.06
PCVS Pharmacy
MMedical expense
LHealthcare:Pharmacy
CR
^
D04/17/2024
T-62.60
PPizza Hut
LFood:Dining
CR
^
D04/17/2024
T-4.01
PPeet's Coffee
LFood:Coffee
CR
^
D04/18/2024
T-59.09
PPizza Hut
LFood:Dining
CR
^
D04/19/2024
T-36.93
PChipotle Mexican Grill
LFood:Dining
CR
^
D04/19/2024
T-5.21
PPeet's Coffee
LFood:Coffee
CR
^
D04/20/2024
T-35.08
PChipotle Mexican Grill
LFood:Dining
CR
^
D04/20/2024
T-114.00
PNordstrom
LPersonal:Clothing
CR
^
D04/21/2024
T-38.54
PUber
LTransportation:Rideshare
CR
^
D04/22/2024
T-7.34
PPeet's Coffee
LFood:Coffee
CR
^
D04/23/2024
T-7.98
PStarbucks
LFood:Coffee
CR
^
D04/24/2024
T-26.74
PUber Eats
LFood:Dining
CR
^
D04/24/2024
T-4.23
PStarbucks
LFood:Coffee
Cc
^
D04/25/2024
T-132.29
PWhole Foods Market
LFood:Groceries
CR
A123 Market St
ASan Francisco, CA 94102
^
D04/26/2024
T-6.97
PPeet's Coffee
LFood:Coffee
CR
^
D04/27/2024
T-40.42
PPizza Hut
LFood:Dining
CR
^
D04/28/2024
T2552.59
PPayment from Checking
MPayment received
L[Primary Checking]
CR
^
D04/29/2024
T-4.73
PPeet's Coffee
LFood:Coffee
CR
^
D04/30/2024
T-7.25
PPeet's Coffee
LFood:Coffee
CR
^
D04/30/2024
T-107.87
PNordstrom
LPersonal:Clothing
CR
^
D05/01/2024
T-6.35
PPeet's Coffee
LFood:Coffee
CR
^
D05/02/2024
T-4.81
PPeet's Coffee
LFood:Coffee
CR
^
D05/03/2024
T-13.74
PChipotle Mexican Grill
LFood:Dining
CR
^
D05/04/2024
T-79.85
PWhole Foods Market
LFood:Groceries
CR
A123 Market St
ASan Francisco, CA 94102
^
D05/04/2024
T-37.92
PThai Basil Restaurant
LFood:Dining
CR
^
D05/06/2024
T-7.99
PDisney+
LUtilities:Streaming
CR
^
D05/06/2024
T-64.57
P76 Station
LTransportation:Gas
CR
^
D05/07/2024
T-5.58
PStarbucks
LFood:Coffee
^
D05/07/2024
T-58.69
P76 Station
LTransportation:Gas
CR
^
D05/08/2024
T-10.99
PSpotify
LUtilities:Streaming
CR
^
D05/08/2024
T-73.30
PPizza Hut
LFood:Dining
CR
^
D05/08/2024
T-5.84
PPeet's Coffee
LFood:Coffee
CR
^
D05/09/2024
T-15.99
PNetflix
LUtilities:Streaming
CR
^
D05/09/2024
T-14.99
PAmazon
LPersonal:Subscriptions
CR
A410 Terry Ave N
ASeattle, WA 98109
^
D05/09/2024
T-160.67
PCostco
LFood:Groceries
CR
^
D05/11/2024
T-43.12
PLyft
LTransportation:Rideshare
CR
^
D05/12/2024
T-16.48
PChipotle Mexican Grill
LFood:Dining
CR
^
D05/13/2024
T-24.36
PThai Basil Restaurant
LFood:Dining
CR
^
D05/14/2024
T-171.16
PCostco
LFood:Groceries
CR
^
D05/14/2024
T-69.68
PChipotle Mexican Grill
LFood:Dining
^
D05/14/2024
T-4.84
PPeet's Coffee
LFood:Coffee
CR
^
D05/15/2024
T-5.20
PPeet's Coffee
LFood:Coffee
CR
^
D05/15/2024
T-59.32
PShell
LTransportation:Gas
CR
^
D05/16/2024
T-118.35
PTrader Joe's
LFood:Groceries
CR
A456 Grocery Ave
ASan Francisco, CA 94103
^
D05/16/2024
T-4.02
PPeet's Coffee
LFood:Coffee
CR
^
D05/16/2024
T-61.58
PShell
LTransportation:Gas
CR
^
D05/17/2024
T-4.66
PStarbucks
LFood:Coffee
CR
^
D05/18/2024
T-35.02
PLyft
LTransportation:Rideshare
CR
^
D05/21/2024
T-35.80
PThai Basil Restaurant
LFood:Dining
CR
^
D05/21/2024
T-167.37
PSafeway
MSplit purchase - groceries and household
CR
SFood:Groceries
$-117.16
SHousing:Maintenance
$-50.21
^
D05/22/2024
T-6.41
PStarbucks
LFood:Coffee
^
D05/22/2024
T-39.21
P76 Station
LTransportation:Gas
CR
^
D05/23/2024
T-13.32
PThai Basil Restaurant
LFood:Dining
CR
^
D05/23/2024
T-7.76
PStarbucks
LFood:Coffee
CR
^
D05/24/2024
T-6.26
PStarbucks
LFood:Coffee
CR
^
D05/26/2024
T-38.66
PDoorDash
LFood:Dining
CR
^
D05/26/2024
T-20.55
PLyft
LTransportation:Rideshare
CR
^
D05/27/2024
T-5.34
PStarbucks
LFood:Coffee
CR
^
D05/28/2024
T1845.04
PPayment from Checking
MPayment received
L[Primary Checking]
CR
^
D05/28/2024
T-44.89
PUber Eats
LFood:Dining
CR
^
D05/28/2024
T-7.45
PPeet's Coffee
LFood:Coffee
Cc
^
D05/30/2024
T-25.90
PUber Eats
LFood:Dining
CR
^
D05/31/2024
T-82.10
PTarget
LFood:Groceries
CR
^
D05/31/2024
T-5.30
PStarbucks
LFood:Coffee
CR
^
D06/02/2024
T-44.43
PThai Basil Restaurant
LFood:Dining
CR
^
D06/03/2024
T-128.38
PSafeway
LFood:Groceries
CR
^
D06/03/2024
T-5.51
PStarbucks
LFood:Coffee
CR
^
D06/04/2024
T-71.55
PChipotle Mexican Grill
LFood:Dining
CR
^
D06/05/2024
T-14.99
PAmazon
LPersonal:Subscriptions
CR
A410 Terry Ave N
ASeattle, WA 98109
^
D06/06/2024
T-6.63
PStarbucks
LFood:Coffee
CR
^
D06/07/2024
T-15.99
PNetflix
LUtilities:Streaming
CR
^
D06/07/2024
T-10.99
PSpotify
LUtilities:Streaming
CR
^
D06/07/2024
T-7.99
PDisney+
LUtilities:Streaming
CR
^
D06/07/2024
T-72.22
PChipotle Mexican Grill
LFood:Dining
CR
^
D06/07/2024
T-35.78
P76 Station
LTransportation:Gas
CR
^
D06/08/2024
T-30.27
PPizza Hut
LFood:Dining
CR
^
D06/10/2024
T-100.97
PSafeway
LFood:Groceries
CR
^
D06/10/2024
T-28.09
PChipotle Mexican Grill
LFood:Dining
^
D06/10/2024
T-6.39
PPeet's Coffee
LFood:Coffee
CR
^
D06/10/2024
T-39.06
P76 Station
LTransportation:Gas
CR
^
D06/11/2024
T-5.72
PPeet's Coffee
LFood:Coffee
CR
^
D06/11/2024
T-60.03
P76 Station
LTransportation:Gas
CR
^
D06/12/2024
T-169.76
PCostco
LFood:Groceries
CR
^
D06/12/2024
T-5.46
PStarbucks
LFood:Coffee
CR
^
D06/13/2024
T-5.64
PPeet's Coffee
LFood:Coffee
CR
^
D06/14/2024
T-15.20
PUber Eats
LFood:Dining
CR
^
D06/14/2024
T-6.72
PStarbucks
LFood:Coffee
CR
^
D06/14/2024
T-46.48
PChevron
LTransportation:Gas
CR
^
D06/14/2024
T-71.83
PREI
LEntertainment:Sports
CR
^
D06/15/2024
T-32.19
PUber
LTransportation:Rideshare
CR
^
D06/16/2024
T-63.99
PUber Eats
LFood:Dining
CR
^
D06/17/2024
T-23.88
PThai Basil Restaurant
LFood:Dining
^
D06/18/2024
T-7.77
PPeet's Coffee
LFood:Coffee
CR
^
D06/18/2024
T-44.31
PChevron
LTransportation:Gas
^
D06/19/2024
T-12.76
PDoorDash
LFood:Dining
CR
^
D06/20/2024
T-6.02
PPeet's Coffee
LFood:Coffee
Cc
^
D06/22/2024
T-25.31
PLyft
LTransportation:Rideshare
CR
^
D06/23/2024
T-61.93
PDoorDash
LFood:Dining
CR
^
D06/24/2024
T-6.03
PStarbucks
LFood:Coffee
CR
^
D06/25/2024
T-7.41
PPeet's Coffee
LFood:Coffee
CR
^
D06/26/2024
T-56.74
PUber Eats
LFood:Dining
CR
^
D06/26/2024
T-7.60
PStarbucks
LFood:Coffee
CR
^
D06/27/2024
T-50.22
PTrader Joe's
LFood:Groceries
CR
A456 Grocery Ave
ASan Francisco, CA 94103
^
D06/27/2024
T-7.84
PStarbucks
LFood:Coffee
CR
^
D06/28/2024
T2333.45
PPayment from Checking
MPayment received
L[Primary Checking]
CR
^
D06/29/2024
T-54.93
PTrader Joe's
LFood:Groceries
CR
A456 Grocery Ave
ASan Francisco, CA 94103
^
D06/29/2024
T-37.50
PPizza Hut
LFood:Dining
CR
^
D07/01/2024
T-27.34
PPizza Hut
LFood:Dining
CR
^
D07/02/2024
T-5.04
PStarbucks
LFood:Coffee
CR
^
D07/03/2024
T-33.45
PDoorDash
LFood:Dining
CR
^
D07/03/2024
T-4.77
PPeet's Coffee
LFood:Coffee
CR
^
D07/04/2024
T-66.03
PPizza Hut
LFood:Dining
CR
^
D07/04/2024
T-7.90
PStarbucks
LFood:Coffee
CR
^
D07/04/2024
T-68.52
P76 Station
LTransportation:Gas
CR
^
D07/05/2024
T-43.14
PDoorDash
LFood:Dining
CR
^
D07/06/2024
T-7.99
PDisney+
LUtilities:Streaming
CR
^
D07/06/2024
T-173.69
PSafeway
LFood:Groceries
CR
^
D07/06/2024
T-46.35
PPizza Hut
LFood:Dining
CR
^
D07/06/2024
T-24.96
PUber
LTransportation:Rideshare
^
D07/07/2024
T-44.20
P76 Station
LTransportation:Gas
CR
^
D07/07/2024
T-17.41
PLyft
LTransportation:Rideshare
CR
^
D07/08/2024
T-15.99
PNetflix
LUtilities:Streaming
CR
^
D07/08/2024
T-10.99
PSpotify
LUtilities:Streaming
CR
^
D07/08/2024
T-14.99
PAmazon
LPersonal:Subscriptions
CR
A410 Terry Ave N
ASeattle, WA 98109
^
D07/08/2024
T-72.98
PThai Basil Restaurant
LFood:Dining
CR
^
D07/08/2024
T-5.34
PStarbucks
LFood:Coffee
CR
^
D07/10/2024
T-39.35
PDoorDash
LFood:Dining
CR
^
D07/10/2024
T-6.00
PPeet's Coffee
LFood:Coffee
CR
^
D07/10/2024
T-44.00
PChevron
LTransportation:Gas
CR
^
D07/11/2024
T-56.31
PPizza Hut
LFood:Dining
CR
^
D07/11/2024
T-5.79
PPeet's Coffee
LFood:Coffee
CR
^
D07/12/2024
T-54.97
PSafeway
LFood:Groceries
CR
^
D07/12/2024
T-23.63
PDoorDash
LFood:Dining
CR
^
D07/12/2024
T-5.16
PPeet's Coffee
LFood:Coffee
CR
^
D07/12/2024
T-119.35
PREI
LEntertainment:Sports
CR
^
D07/13/2024
T-47.91
PThai Basil Restaurant
LFood:Dining
CR
^
D07/13/2024
T-44.05
PLyft
LTransportation:Rideshare
CR
^
D07/13/2024
T-92.22
PBest Buy
LEntertainment:Games
CR
^
D07/15/2024
T-6.12
PStarbucks
LFood:Coffee
Cc
^
D07/16/2024
T-57.02
PChipotle Mexican Grill
LFood:Dining
CR
^
D07/16/2024
T-35.57
P76 Station
LTransportation:Gas
Cc
^
D07/17/2024
T-6.18
PPeet's Coffee
LFood:Coffee
CR
^
D07/17/2024
T-376.79
PSouthwest Airlines
MSummer vacation flights
LTravel:Flights
CR
^
D07/18/2024
T-22.79
PUber Eats
LFood:Dining
CR
^
D07/18/2024
T-5.39
PPeet's Coffee
LFood:Coffee
CR
^
D07/18/2024
T-121.09
PBest Buy
LEntertainment:Games
CR
^
D07/18/2024
T-518.33
PAirbnb
MSummer vacation lodging
LTravel:Hotels
CR
^
D07/19/2024
T-70.98
PShell
LTransportation:Gas
CR
^
D07/20/2024
T-39.07
PLyft
LTransportation:Rideshare
CR
^
D07/21/2024
T-170.73
PWhole Foods Market
LFood:Groceries
CR
A123 Market St
ASan Francisco, CA 94102
^
D07/21/2024
T-19.27
PLyft
LTransportation:Rideshare
CR
^
D07/22/2024
T-114.21
PTrader Joe's
LFood:Groceries
CR
A456 Grocery Ave
ASan Francisco, CA 94103
^
D07/22/2024
T-7.23
PPeet's Coffee
LFood:Coffee
CR
^
D07/23/2024
T-64.81
PUber Eats
LFood:Dining
CR
^
D07/23/2024
T-4.75
PPeet's Coffee
LFood:Coffee
CR
^
D07/23/2024
T-44.67
PChevron
LTransportation:Gas
CR
^
D07/24/2024
T-37.06
PPizza Hut
LFood:Dining
CR
^
D07/25/2024
T-6.74
PStarbucks
LFood:Coffee
CR
^
D07/26/2024
T-26.55
PUber Eats
LFood:Dining
CR
^
D07/26/2024
T-6.15
PStarbucks
LFood:Coffee
CR
^
D07/27/2024
T-29.26
PUber
LTransportation:Rideshare
CR
^
D07/28/2024
T2175.69
PPayment from Checking
MPayment received
L[Primary Checking]
CR
^
D07/28/2024
T-39.59
PThai Basil Restaurant
LFood:Dining
CR
^
D07/29/2024
T-64.78
PUber Eats
LFood:Dining
CR
^
D07/29/2024
T-7.55
PStarbucks
LFood:Coffee
CR
^
D07/30/2024
T-155.09
PTrader Joe's
LFood:Groceries
CR
A456 Grocery Ave
ASan Francisco, CA 94103
^
D07/31/2024
T-42.53
PTrader Joe's
LFood:Groceries
CR
A456 Grocery Ave
ASan Francisco, CA 94103
^
D07/31/2024
T-45.20
PThai Basil Restaurant
LFood:Dining
CR
^
D07/31/2024
T-5.36
PPeet's Coffee
LFood:Coffee
CR
^
D08/01/2024
T-61.01
PChipotle Mexican Grill
LFood:Dining
Cc
^
D08/02/2024
T-127.62
PTrader Joe's
LFood:Groceries
CR
A456 Grocery Ave
ASan Francisco, CA 94103
^
D08/02/2024
T-25.35
PThai Basil Restaurant
LFood:Dining
CR
^
D08/02/2024
T-72.27
P76 Station
LTransportation:Gas
CR
^
D08/03/2024
T-115.57
PSafeway
LFood:Groceries
^
D08/03/2024
T-61.58
P76 Station
LTransportation:Gas
CR
^
D08/04/2024
T-15.09
PThai Basil Restaurant
LFood:Dining
CR
^
D08/04/2024
T-65.39
PChevron
LTransportation:Gas
CR
^
D08/05/2024
T-7.99
PDisney+
LUtilities:Streaming
CR
^
D08/05/2024
T-54.20
PChipotle Mexican Grill
LFood:Dining
CR
^
D08/06/2024
T-70.75
PSafeway
LFood:Groceries
CR
^
D08/06/2024
T-19.78
PPizza Hut
LFood:Dining
^
D08/06/2024
T-7.62
PPeet's Coffee
LFood:Coffee
CR
^
D08/07/2024
T-14.99
PAmazon
LPersonal:Subscriptions
CR
A410 Terry Ave N
ASeattle, WA 98109
^
D08/07/2024
T-37.66
PDoorDash
LFood:Dining
CR
^
D08/07/2024
T-6.71
PPeet's Coffee
LFood:Coffee
CR
^
D08/08/2024
T-15.99
PNetflix
LUtilities:Streaming
CR
^
D08/08/2024
T-46.14
PWhole Foods Market
LFood:Groceries
CR
A123 Market St
ASan Francisco, CA 94102
^
D08/08/2024
T-57.69
PThai Basil Restaurant
LFood:Dining
CR
^
D08/08/2024
T-4.06
PStarbucks
LFood:Coffee
CR
^
D08/09/2024
T-10.99
PSpotify
LUtilities:Streaming
CR
^
D08/09/2024
T-5.36
PStarbucks
LFood:Coffee
CR
^
D08/10/2024
T-43.93
PSafeway
LFood:Groceries
CR
^
D08/11/2024
T-32.59
PLyft
LTransportation:Rideshare
CR
^
D08/12/2024
T-57.01
PCostco
LFood:Groceries
CR
^
D08/12/2024
T-41.41
PUber Eats
LFood:Dining
CR
^
D08/13/2024
T-50.31
PChipotle Mexican Grill
LFood:Dining
CR
^
D08/13/2024
T-6.69
PPeet's Coffee
LFood:Coffee
^
D08/13/2024
T-33.40
PREI
LEntertainment:Sports
CR
^
D08/14/2024
T-81.76
PCostco
MSplit purchase - groceries and household
Cc
SFood:Groceries
$-57.23
SHousing:Maintenance
$-24.53
^
D08/15/2024
T-65.03
PTarget
LFood:Groceries
CR
^
D08/17/2024
T-31.51
PChipotle Mexican Grill
LFood:Dining
CR
^
D08/17/2024
T-47.77
PChevron
LTransportation:Gas
CR
^
D08/18/2024
T-71.33
PSafeway
LFood:Groceries
CR
^
D08/18/2024
T-45.49
PShell
LTransportation:Gas
CR
^
D08/18/2024
T-92.76
PNordstrom
LPersonal:Clothing
CR
^
D08/19/2024
T-57.00
PThai Basil Restaurant
LFood:Dining
CR
^
D08/19/2024
T-6.88
PPeet's Coffee
LFood:Coffee
CR
^
D08/20/2024
T-5.58
PPeet's Coffee
LFood:Coffee
CR
^
D08/21/2024
T-51.13
PChipotle Mexican Grill
LFood:Dining
CR
^
D08/21/2024
T-38.99
PChevron
LTransportation:Gas
CR
^
D08/22/2024
T-70.49
PChipotle Mexican Grill
LFood:Dining
CR
^
D08/23/2024
T-95.70
PTrader Joe's
LFood:Groceries
CR
A456 Grocery Ave
ASan Francisco, CA 94103
^
D08/23/2024
T-6.00
PStarbucks
LFood:Coffee
CR
^
D08/25/2024
T-63.65
PShell
LTransportation:Gas
CR
^
D08/25/2024
T-84.88
PNordstrom
LPersonal:Clothing
CR
^
D08/26/2024
T-134.67
PWhole Foods Market
LFood:Groceries
CR
A123 Market St
ASan Francisco, CA 94102
^
D08/26/2024
T-37.98
PDoorDash
LFood:Dining
CR
^
D08/27/2024
T-64.91
PThai Basil Restaurant
LFood:Dining
CR
^
D08/27/2024
T-7.49
PPeet's Coffee
LFood:Coffee
CR
^
D08/28/2024
T1519.14
PPayment from Checking
MPayment received
L[Primary Checking]
CR
^
D08/28/2024
T-42.29
PDoorDash
LFood:Dining
CR
^
D08/28/2024
T-7.29
PPeet's Coffee
LFood:Coffee
CR
^
D08/29/2024
T-60.02
PThai Basil Restaurant
LFood:Dining
CR
^
D08/30/2024
T-76.76
PCostco
LFood:Groceries
CR
^
D08/30/2024
T-7.35
PStarbucks
LFood:Coffee
Cc
^
D08/31/2024
T-55.38
P76 Station
LTransportation:Gas
CR
^
D08/31/2024
T-110.57
PWhole Foods Market
MSplit purchase - groceries and household
CR
A123 Market St
ASan Francisco, CA 94102
SFood:Groceries
$-77.40
SHousing:Maintenance
$-33.17
^
D09/02/2024
T-4.23
PPeet's Coffee
LFood:Coffee
Cc
^
D09/02/2024
T-55.98
PREI
LEntertainment:Sports
CR
^
D09/03/2024
T-29.13
PPizza Hut
LFood:Dining
CR
^
D09/04/2024
T-81.56
PTrader Joe's
LFood:Groceries
CR
A456 Grocery Ave
ASan Francisco, CA 94103
^
D09/04/2024
T-34.02
PBest Buy
LEntertainment:Games
CR
^
D09/05/2024
T-14.99
PAmazon
LPersonal:Subscriptions
CR
A410 Terry Ave N
ASeattle, WA 98109
^
D09/05/2024
T-23.58
PChipotle Mexican Grill
LFood:Dining
CR
^
D09/05/2024
T-4.03
PPeet's Coffee
LFood:Coffee
CR
^
D09/06/2024
T-7.99
PDisney+
LUtilities:Streaming
CR
^
D09/06/2024
T-7.93
PStarbucks
LFood:Coffee
CR
^
D09/06/2024
T-44.66
P76 Station
LTransportation:Gas
CR
^
D09/06/2024
T-156.16
PApple Store
LPersonal:Education
CR
^
D09/07/2024
T-15.99
PNetflix
LUtilities:Streaming
CR
^
D09/07/2024
T-165.06
PSafeway
LFood:Groceries
CR
^
D09/07/2024
T-20.91
PChipotle Mexican Grill
LFood:Dining
CR
^
D09/08/2024
T-129.70
PTarget
LFood:Groceries
CR
^
D09/08/2024
T-69.12
P76 Station
LTransportation:Gas
CR
^
D09/09/2024
T-10.99
PSpotify
LUtilities:Streaming
CR
^
D09/09/2024
T-75.93
PTarget
LFood:Groceries
^
D09/09/2024
T-7.09
PStarbucks
LFood:Coffee
CR
^
D09/10/2024
T-150.01
PCostco
LFood:Groceries
CR
^
D09/10/2024
T-15.96
PDoorDash
LFood:Dining
CR
^
D09/10/2024
T-7.60
PPeet's Coffee
LFood:Coffee
CR
^
D09/12/2024
T-5.93
PStarbucks
LFood:Coffee
CR
^
D09/12/2024
T-60.86
PShell
LTransportation:Gas
CR
^
D09/13/2024
T-124.32
PWhole Foods Market
LFood:Groceries
CR
A123 Market St
ASan Francisco, CA 94102
^
D09/13/2024
T-66.09
P76 Station
LTransportation:Gas
CR
^
D09/14/2024
T-64.34
PShell
LTransportation:Gas
CR
^
D09/14/2024
T-18.19
PUber
LTransportation:Rideshare
CR
^
D09/15/2024
T-103.20
PTarget
LFood:Groceries
CR
^
D09/15/2024
T-48.03
PDoorDash
LFood:Dining
CR
^
D09/16/2024
T-155.04
PCostco
LFood:Groceries
CR
^
D09/16/2024
T-31.83
PThai Basil Restaurant
LFood:Dining
CR
^
D09/16/2024
T-4.68
PPeet's Coffee
LFood:Coffee
CR
^
D09/17/2024
T-5.55
PStarbucks
LFood:Coffee
CR
^
D09/18/2024
T-87.35
PREI
LEntertainment:Sports
CR
^
D09/19/2024
T-60.43
PThai Basil Restaurant
LFood:Dining
CR
^
D09/19/2024
T-4.21
PStarbucks
LFood:Coffee
CR
^
D09/19/2024
T-189.78
PApple Store
LPersonal:Education
^
D09/20/2024
T-43.79
PUber Eats
LFood:Dining
CR
^
D09/20/2024
T-4.99
PStarbucks
LFood:Coffee
CR
^
D09/21/2024
T-140.37
PCostco
LFood:Groceries
CR
^
D09/22/2024
T-47.93
PCostco
LFood:Groceries
CR
^
D09/23/2024
T-151.04
PSafeway
LFood:Groceries
CR
^
D09/23/2024
T-30.64
PChipotle Mexican Grill
LFood:Dining
CR
^
D09/23/2024
T-198.98
PCostco
MSplit purchase - groceries and household
CR
SFood:Groceries
$-139.29
SHousing:Maintenance
$-59.69
^
D09/25/2024
T-4.90
PStarbucks
LFood:Coffee
CR
^
D09/26/2024
T-178.87
PTrader Joe's
LFood:Groceries
CR
A456 Grocery Ave
ASan Francisco, CA 94103
^
D09/27/2024
T-33.81
PThai Basil Restaurant
LFood:Dining
CR
^
D09/27/2024
T-6.12
PPeet's Coffee
LFood:Coffee
CR
^
D09/28/2024
T2649.17
PPayment from Checking
MPayment received
L[Primary Checking]
CR
^
D09/28/2024
T-169.25
PSafeway
LFood:Groceries
CR
^
D09/28/2024
T-196.23
PREI
LEntertainment:Sports
CR
^
D09/29/2024
T-42.74
PChipotle Mexican Grill
LFood:Dining
^
D09/30/2024
T-23.62
PChipotle Mexican Grill
LFood:Dining
CR
^
D10/01/2024
T-61.92
PSafeway
LFood:Groceries
CR
^
D10/01/2024
T-73.13
PPizza Hut
LFood:Dining
CR
^
D10/01/2024
T-7.64
PPeet's Coffee
LFood:Coffee
CR
^
D10/02/2024
T-7.72
PPeet's Coffee
LFood:Coffee
CR
^
D10/03/2024
T-121.04
PTrader Joe's
LFood:Groceries
CR
A456 Grocery Ave
ASan Francisco, CA 94103
^
D10/04/2024
T-48.83
PWhole Foods Market
LFood:Groceries
CR
A123 Market St
ASan Francisco, CA 94102
^
D10/04/2024
T-5.90
PStarbucks
LFood:Coffee
CR
^
D10/05/2024
T-44.14
PUber Eats
LFood:Dining
CR
^
D10/06/2024
T-48.62
PWhole Foods Market
LFood:Groceries
CR
A123 Market St
ASan Francisco, CA 94102
^
D10/06/2024
T-67.60
PUber Eats
LFood:Dining
CR
^
D10/07/2024
T-76.46
PSafeway
LFood:Groceries
CR
^
D10/07/2024
T-38.52
PPizza Hut
LFood:Dining
Cc
^
D10/07/2024
T-7.20
PStarbucks
LFood:Coffee
CR
^
D10/08/2024
T-14.99
PAmazon
LPersonal:Subscriptions
CR
A410 Terry Ave N
ASeattle, WA 98109
^
D10/08/2024
T-66.70
PChipotle Mexican Grill
LFood:Dining
CR
^
D10/08/2024
T-4.89
PPeet's Coffee
LFood:Coffee
CR
^
D10/09/2024
T-15.99
PNetflix
LUtilities:Streaming
CR
^
D10/09/2024
T-10.99
PSpotify
LUtilities:Streaming
CR
^
D10/09/2024
T-7.99
PDisney+
LUtilities:Streaming
CR
^
D10/09/2024
T-73.59
PThai Basil Restaurant
LFood:Dining
^
D10/10/2024
T-50.05
PPizza Hut
LFood:Dining
CR
^
D10/11/2024
T-41.34
PChipotle Mexican Grill
LFood:Dining
CR
^
D10/11/2024
T-6.63
PPeet's Coffee
LFood:Coffee
CR
^
D10/11/2024
T-28.96
PKaiser Permanente
MMedical expense
LHealthcare:Doctor
CR
^
D10/12/2024
T-150.63
PSafeway
LFood:Groceries
CR
^
D10/12/2024
T-50.09
PUber Eats
LFood:Dining
CR
^
D10/14/2024
T-93.01
PTrader Joe's
LFood:Groceries
CR
A456 Grocery Ave
ASan Francisco, CA 94103
^
D10/15/2024
T-102.06
PWhole Foods Market
LFood:Groceries
CR
A123 Market St
ASan Francisco, CA 94102
^
D10/15/2024
T-44.85
PPizza Hut
LFood:Dining
CR
^
D10/15/2024
T-5.17
PPeet's Coffee
LFood:Coffee
CR
^
D10/15/2024
T-115.04
PApple Store
LPersonal:Education
CR
^
D10/16/2024
T-39.48
PDoorDash
LFood:Dining
CR
^
D10/16/2024
T-7.58
PPeet's Coffee
LFood:Coffee
Cc
^
D10/17/2024
T-50.39
PDoorDash
LFood:Dining
CR
^
D10/17/2024
T-5.12
PStarbucks
LFood:Coffee
CR
^
D10/18/2024
T-71.33
PThai Basil Restaurant
LFood:Dining
CR
^
D10/18/2024
T-5.08
PPeet's Coffee
LFood:Coffee
CR
^
D10/20/2024
T-31.66
PPizza Hut
LFood:Dining
CR
^
D10/21/2024
T-5.23
PPeet's Coffee
LFood:Coffee
CR
^
D10/22/2024
T-38.06
PThai Basil Restaurant
LFood:Dining
CR
^
D10/22/2024
T-6.01
PStarbucks
LFood:Coffee
CR
^
D10/23/2024
T-7.02
PStarbucks
LFood:Coffee
CR
^
D10/24/2024
T-55.92
PPizza Hut
LFood:Dining
CR
^
D10/24/2024
T-42.86
PChevron
LTransportation:Gas
CR
^
D10/26/2024
T-34.39
PLyft
LTransportation:Rideshare
CR
^
D10/27/2024
T-24.90
PUber Eats
LFood:Dining
CR
^
D10/28/2024
T1557.82
PPayment from Checking
MPayment received
L[Primary Checking]
CR
^
D10/28/2024
T-63.01
PTrader Joe's
LFood:Groceries
CR
A456 Grocery Ave
ASan Francisco, CA 94103
^
D10/28/2024
T-15.97
PPizza Hut
LFood:Dining
CR
^
D10/28/2024
T-4.32
PPeet's Coffee
LFood:Coffee
CR
^
D10/28/2024
T-198.33
PREI
LEntertainment:Sports
CR
^
D10/29/2024
T-19.78
PChipotle Mexican Grill
LFood:Dining
CR
^
D10/29/2024
T-4.89
PStarbucks
LFood:Coffee
^
D10/30/2024
T-4.75
PPeet's Coffee
LFood:Coffee
CR
^
D10/31/2024
T-66.95
PThai Basil Restaurant
LFood:Dining
CR
^
D10/31/2024
T-171.99
PNordstrom
LPersonal:Clothing
CR
^
D11/01/2024
T-63.00
PDoorDash
LFood:Dining
CR
^
D11/01/2024
T-5.73
PStarbucks
LFood:Coffee
CR
^
D11/02/2024
T-32.21
PChipotle Mexican Grill
LFood:Dining
CR
^
D11/02/2024
T-33.04
PUber
LTransportation:Rideshare
CR
^
D11/03/2024
T-104.03
PSafeway
LFood:Groceries
CR
^
D11/03/2024
T-70.01
PDoorDash
LFood:Dining
CR
^
D11/03/2024
T-74.48
PChevron
LTransportation:Gas
CR
^
D11/04/2024
T-57.55
PChipotle Mexican Grill
LFood:Dining
CR
^
D11/04/2024
T-4.01
PStarbucks
LFood:Coffee
CR
^
D11/05/2024
T-15.99
PNetflix
LUtilities:Streaming
CR
^
D11/05/2024
T-155.53
PTarget
LFood:Groceries
CR
^
D11/06/2024
T-10.99
PSpotify
LUtilities:Streaming
CR
^
D11/06/2024
T-7.99
PDisney+
LUtilities:Streaming
CR
^
D11/06/2024
T-110.40
PSafeway
LFood:Groceries
CR
^
D11/06/2024
T-4.02
PStarbucks
LFood:Coffee
CR
^
D11/07/2024
T-6.97
PStarbucks
LFood:Coffee
CR
^
D11/07/2024
T-49.57
PShell
LTransportation:Gas
CR
^
D11/08/2024
T-36.09
PChipotle Mexican Grill
LFood:Dining
CR
^
D11/08/2024
T-6.05
PPeet's Coffee
LFood:Coffee
CR
^
D11/09/2024
T-14.99
PAmazon
LPersonal:Subscriptions
CR
A410 Terry Ave N
ASeattle, WA 98109
^
D11/10/2024
T-30.50
PLyft
LTransportation:Rideshare
Cc
^
D11/11/2024
T-16.43
PChipotle Mexican Grill
LFood:Dining
CR
^
D11/11/2024
T-5.50
PPeet's Coffee
LFood:Coffee
CR
^
D11/12/2024
T-7.74
PPeet's Coffee
LFood:Coffee
^
D11/12/2024
T-52.09
PShell
LTransportation:Gas
CR
^
D11/13/2024
T-16.68
PUber Eats
LFood:Dining
CR
^
D11/13/2024
T-4.20
PStarbucks
LFood:Coffee
CR
^
D11/14/2024
T-129.91
PSafeway
LFood:Groceries
CR
^
D11/15/2024
T-102.37
PTrader Joe's
LFood:Groceries
CR
A456 Grocery Ave
ASan Francisco, CA 94103
^
D11/15/2024
T-6.42
PPeet's Coffee
LFood:Coffee
CR
^
D11/15/2024
T-40.48
PShell
LTransportation:Gas
CR
^
D11/18/2024
T-71.91
PSafeway
LFood:Groceries
^
D11/18/2024
T-21.05
PChipotle Mexican Grill
LFood:Dining
CR
^
D11/18/2024
T-4.89
PStarbucks
LFood:Coffee
CR
^
D11/21/2024
T-74.63
PChipotle Mexican Grill
LFood:Dining
CR
^
D11/21/2024
T-6.13
PPeet's Coffee
LFood:Coffee
CR
^
D11/21/2024
T-45.05
P76 Station
LTransportation:Gas
Cc
^
D11/22/2024
T-4.39
PPeet's Coffee
LFood:Coffee
CR
^
D11/23/2024
T-67.63
PShell
LTransportation:Gas
CR
^
D11/24/2024
T-93.82
PSafeway
LFood:Groceries
CR
^
D11/25/2024
T-25.22
PThai Basil Restaurant
LFood:Dining
CR
^
D11/26/2024
T-111.79
PBest Buy
LEntertainment:Games
CR
^
D11/27/2024
T-36.01
PUber Eats
LFood:Dining
CR
^
D11/27/2024
T-7.09
PStarbucks
LFood:Coffee
CR
^
D11/28/2024
T1613.09
PPayment from Checking
MPayment received
L[Primary Checking]
CR
^
D11/28/2024
T-5.30
PStarbucks
LFood:Coffee
CR
^
D11/29/2024
T-47.34
PTrader Joe's
LFood:Groceries
CR
A456 Grocery Ave
ASan Francisco, CA 94103
^
D11/29/2024
T-7.96
PStarbucks
LFood:Coffee
CR
^
D12/01/2024
T-20.94
PPizza Hut
LFood:Dining
CR
^
D12/02/2024
T-46.78
PChipotle Mexican Grill
LFood:Dining
CR
^
D12/02/2024
T-5.08
PStarbucks
LFood:Coffee
CR
^
D12/03/2024
T-63.56
PWhole Foods Market
LFood:Groceries
CR
A123 Market St
ASan Francisco, CA 94102
^
D12/03/2024
T-55.40
PChipotle Mexican Grill
LFood:Dining
CR
^
D12/04/2024
T-27.70
PChipotle Mexican Grill
LFood:Dining
CR
^
D12/04/2024
T-84.50
PBest Buy
LEntertainment:Games
CR
^
D12/05/2024
T-6.39
PPeet's Coffee
LFood:Coffee
CR
^
D12/05/2024
T-152.83
PWhole Foods Market
MSplit purchase - groceries and household
CR
A123 Market St
ASan Francisco, CA 94102
SFood:Groceries
$-106.98
SHousing:Maintenance
$-45.85
^
D12/06/2024
T-14.99
PAmazon
LPersonal:Subscriptions
CR
A410 Terry Ave N
ASeattle, WA 98109
^
D12/06/2024
T-62.80
PUber Eats
LFood:Dining
CR
^
D12/06/2024
T-6.01
PPeet's Coffee
LFood:Coffee
CR
^
D12/07/2024
T-47.56
PTrader Joe's
LFood:Groceries
CR
A456 Grocery Ave
ASan Francisco, CA 94103
^
D12/07/2024
T-39.08
PDoorDash
LFood:Dining
CR
^
D12/07/2024
T-74.29
PShell
LTransportation:Gas
CR
^
D12/08/2024
T-7.99
PDisney+
LUtilities:Streaming
CR
^
D12/08/2024
T-40.32
PChevron
LTransportation:Gas
CR
^
D12/09/2024
T-15.99
PNetflix
LUtilities:Streaming
CR
^
D12/09/2024
T-10.99
PSpotify
LUtilities:Streaming
CR
^
D12/09/2024
T-177.58
PCostco
LFood:Groceries
CR
^
D12/09/2024
T-36.88
PThai Basil Restaurant
LFood:Dining
CR
^
D12/09/2024
T-4.57
PPeet's Coffee
LFood:Coffee
CR
^
D12/09/2024
T-87.39
PKaiser Permanente
MMedical expense
LHealthcare:Doctor
CR
^
D12/11/2024
T-177.66
PSafeway
LFood:Groceries
CR
^
D12/11/2024
T-18.94
PDoorDash
LFood:Dining
CR
^
D12/11/2024
T-6.91
PPeet's Coffee
LFood:Coffee
CR
^
D12/12/2024
T-60.20
P76 Station
LTransportation:Gas
CR
^
D12/12/2024
T-148.67
PBest Buy
LEntertainment:Games
CR
^
D12/13/2024
T-4.53
PPeet's Coffee
LFood:Coffee
CR
^
D12/13/2024
T-42.54
PShell
LTransportation:Gas
CR
^
D12/15/2024
T-74.78
PDoorDash
LFood:Dining
CR
^
D12/15/2024
T-31.09
PUber
LTransportation:Rideshare
CR
^
D12/16/2024
T-47.01
PChevron
LTransportation:Gas
^
D12/16/2024
T-154.71
PBest Buy
LEntertainment:Games
CR
^
D12/17/2024
T-71.85
PTarget
LFood:Groceries
CR
^
D12/17/2024
T-4.10
PPeet's Coffee
LFood:Coffee
CR
^
D12/18/2024
T-44.07
PTrader Joe's
LFood:Groceries
CR
A456 Grocery Ave
ASan Francisco, CA 94103
^
D12/18/2024
T-5.89
PPeet's Coffee
LFood:Coffee
CR
^
D12/18/2024
T-66.98
P76 Station
LTransportation:Gas
CR
^
D12/19/2024
T-36.63
PShell
LTransportation:Gas
CR
^
D12/19/2024
T-143.96
PApple Store
LPersonal:Education
CR
^
D12/19/2024
T-261.42
PSouthwest Airlines
MHoliday travel
LTravel:Flights
CR
^
D12/20/2024
T-7.24
PStarbucks
LFood:Coffee
CR
^
D12/20/2024
T-74.14
PNordstrom
LPersonal:Clothing
CR
^
D12/21/2024
T-28.67
PLyft
LTransportation:Rideshare
CR
^
D12/23/2024
T-45.26
PThai Basil Restaurant
LFood:Dining
CR
^
D12/24/2024
T-82.16
PSafeway
LFood:Groceries
CR
^
D12/24/2024
T-61.83
PThai Basil Restaurant
LFood:Dining
Cc
^
D12/25/2024
T-6.38
PStarbucks
LFood:Coffee
Cc
^
D12/26/2024
T-61.80
PPizza Hut
LFood:Dining
CR
^
D12/26/2024
T-7.82
PPeet's Coffee
LFood:Coffee
CR
^
D12/27/2024
T-56.44
PPizza Hut
LFood:Dining
CR
^
D12/27/2024
T-7.60
PPeet's Coffee
LFood:Coffee
CR
^
D12/28/2024
T1556.46
PPayment from Checking
MPayment received
L[Primary Checking]
CR
^
D12/28/2024
T-38.52
PThai Basil Restaurant
LFood:Dining
CR
^
D12/30/2024
T-5.81
PStarbucks
LFood:Coffee
CR
^
!Account
NEmergency Savings
TBank
^
!Type:Bank
D01/24/2022
T1330.12
PTransfer from Checking
MMonthly savings contribution
L[Primary Checking]
CR
^
D02/25/2022
T1350.25
PTransfer from Checking
MMonthly savings contribution
L[Primary Checking]
CR
^
D03/25/2022
T1368.30
PTransfer from Checking
MMonthly savings contribution
L[Primary Checking]
CR
^
D03/30/2022
T17.68
PInterest Payment
MQuarterly interest
LIncome:Interest
CR
^
D04/25/2022
T569.49
PTransfer from Checking
MMonthly savings contribution
L[Primary Checking]
CR
^
D05/25/2022
T1438.69
PTransfer from Checking
MMonthly savings contribution
L[Primary Checking]
CR
^
D06/25/2022
T1076.03
PTransfer from Checking
MMonthly savings contribution
L[Primary Checking]
CR
^
D07/25/2022
T616.80
PTransfer from Checking
MMonthly savings contribution
L[Primary Checking]
CR
^
D08/25/2022
T1094.67
PTransfer from Checking
MMonthly savings contribution
L[Primary Checking]
CR
^
D08/31/2022
T13.17
PInterest Payment
MQuarterly interest
LIncome:Interest
CR
^
D09/25/2022
T893.95
PTransfer from Checking
MMonthly savings contribution
L[Primary Checking]
CR
^
D10/25/2022
T778.68
PTransfer from Checking
MMonthly savings contribution
L[Primary Checking]
CR
^
D11/25/2022
T1422.99
PTransfer from Checking
MMonthly savings contribution
L[Primary Checking]
CR
^
D12/25/2022
T628.96
PTransfer from Checking
MMonthly savings contribution
L[Primary Checking]
CR
^
D01/25/2023
T721.55
PTransfer from Checking
MMonthly savings contribution
L[Primary Checking]
CR
^
D01/31/2023
T15.63
PInterest Payment
MQuarterly interest
LIncome:Interest
CR
^
D02/25/2023
T939.11
PTransfer from Checking
MMonthly savings contribution
L[Primary Checking]
CR
^
D03/25/2023
T1422.63
PTransfer from Checking
MMonthly savings contribution
L[Primary Checking]
CR
^
D04/25/2023
T585.81
PTransfer from Checking
MMonthly savings contribution
L[Primary Checking]
CR
^
D05/25/2023
T1332.48
PTransfer from Checking
MMonthly savings contribution
L[Primary Checking]
CR
^
D06/25/2023
T1002.91
PTransfer from Checking
MMonthly savings contribution
L[Primary Checking]
CR
^
D06/30/2023
T5.39
PInterest Payment
MQuarterly interest
LIncome:Interest
CR
^
D07/25/2023
T1317.86
PTransfer from Checking
MMonthly savings contribution
L[Primary Checking]
CR
^
D08/25/2023
T1294.05
PTransfer from Checking
MMonthly savings contribution
L[Primary Checking]
CR
^
D09/25/2023
T1460.11
PTransfer from Checking
MMonthly savings contribution
L[Primary Checking]
CR
^
D10/25/2023
T1489.49
PTransfer from Checking
MMonthly savings contribution
L[Primary Checking]
CR
^
D11/25/2023
T1323.88
PTransfer from Checking
MMonthly savings contribution
L[Primary Checking]
CR
^
D11/30/2023
T14.43
PInterest Payment
MQuarterly interest
LIncome:Interest
CR
^
D12/25/2023
T1388.43
PTransfer from Checking
MMonthly savings contribution
L[Primary Checking]
CR
^
D01/25/2024
T1463.63
PTransfer from Checking
MMonthly savings contribution
L[Primary Checking]
CR
^
D02/25/2024
T524.80
PTransfer from Checking
MMonthly savings contribution
L[Primary Checking]
CR
^
D03/25/2024
T896.49
PTransfer from Checking
MMonthly savings contribution
L[Primary Checking]
CR
^
D04/25/2024
T1434.67
PTransfer from Checking
MMonthly savings contribution
L[Primary Checking]
CR
^
D04/30/2024
T12.02
PInterest Payment
MQuarterly interest
LIncome:Interest
CR
^
D05/25/2024
T830.18
PTransfer from Checking
MMonthly savings contribution
L[Primary Checking]
CR
^
D06/25/2024
T1228.83
PTransfer from Checking
MMonthly savings contribution
L[Primary Checking]
CR
^
D07/25/2024
T582.55
PTransfer from Checking
MMonthly savings contribution
L[Primary Checking]
CR
^
D08/25/2024
T886.60
PTransfer from Checking
MMonthly savings contribution
L[Primary Checking]
CR
^
D09/25/2024
T1059.60
PTransfer from Checking
MMonthly savings contribution
L[Primary Checking]
CR
^
D09/30/2024
T12.22
PInterest Payment
MQuarterly interest
LIncome:Interest
CR
^
D10/25/2024
T888.79
PTransfer from Checking
MMonthly savings contribution
L[Primary Checking]
CR
^
D11/25/2024
T1160.92
PTransfer from Checking
MMonthly savings contribution
L[Primary Checking]
CR
^
D12/25/2024
T1393.11
PTransfer from Checking
MMonthly savings contribution
L[Primary Checking]
CR
^
!Account
NPetty Cash
TCash
^
!Type:Cash
D04/03/2022
T200.00
PATM Deposit
MCash from ATM
L[Primary Checking]
CR
^
D04/21/2022
T100.00
PATM Deposit
MCash from ATM
L[Primary Checking]
CR
^
D06/28/2022
T100.00
PATM Deposit
MCash from ATM
L[Primary Checking]
CR
^
D07/21/2022
T200.00
PATM Deposit
MCash from ATM
L[Primary Checking]
CR
^
D08/16/2022
T60.00
PATM Deposit
MCash from ATM
L[Primary Checking]
CR
^
D09/20/2022
T40.00
PATM Deposit
MCash from ATM
L[Primary Checking]
CR
^
D12/30/2022
T60.00
PATM Deposit
MCash from ATM
L[Primary Checking]
CR
^
D02/12/2023
T40.00
PATM Deposit
MCash from ATM
L[Primary Checking]
^
D04/11/2023
T40.00
PATM Deposit
MCash from ATM
L[Primary Checking]
CR
^
D04/23/2023
T200.00
PATM Deposit
MCash from ATM
L[Primary Checking]
CR
^
D06/28/2023
T200.00
PATM Deposit
MCash from ATM
L[Primary Checking]
CR
^
D08/05/2023
T40.00
PATM Deposit
MCash from ATM
L[Primary Checking]
CR
^
D09/26/2023
T80.00
PATM Deposit
MCash from ATM
L[Primary Checking]
CR
^
D12/19/2023
T80.00
PATM Deposit
MCash from ATM
L[Primary Checking]
CR
^
D01/20/2024
T100.00
PATM Deposit
MCash from ATM
L[Primary Checking]
CR
^
D02/10/2024
T200.00
PATM Deposit
MCash from ATM
L[Primary Checking]
CR
^
!Account
NFidelity Brokerage
TInvst
^
!Type:Invst
D01/05/2022
NBuy
YAAPL
I156.04
Q94.168
T14693.98
O0.00
MInitial purchase of Apple Inc.
L[Primary Checking]
CR
^
D01/12/2022
NBuy
YMSFT
I282.66
Q47.8755
T13532.48
O0.00
MInitial purchase of Microsoft Corporation
L[Primary Checking]
CR
^
D01/14/2022
NBuy
YVTI
I220.00
Q50.5943
T11130.75
O0.00
MInitial purchase of Vanguard Total Stock Market ETF
L[Primary Checking]
CR
^
D01/15/2022
NDiv
YJNJ
T79.30
MQ1 2022 dividend
CR
^
D01/15/2022
NDiv
YPG
T72.91
MQ1 2022 dividend
CR
^
D01/15/2022
NDiv
YKO
T48.52
MQ1 2022 dividend
CR
^
D01/15/2022
NDiv
YBND
T39.29
MQ1 2022 dividend
CR
^
D01/15/2022
NBuy
YBND
I85.89
Q59.9025
T5145.03
O0.00
MInitial purchase of Vanguard Total Bond Market ETF
L[Primary Checking]
CR
^
D01/16/2022
NReinvDiv
YJNJ
I161.21
Q0.4919
T79.30
MDividend reinvestment
CR
^
D01/16/2022
NReinvDiv
YPG
I155.65
Q0.4684
T72.91
MDividend reinvestment
CR
^
D01/16/2022
NReinvDiv
YBND
I81.83
Q0.4801
T39.29
MDividend reinvestment
CR
^
D01/30/2022
NIntInc
YSPAXX
T9.25
MMoney market interest
CR
^
D02/28/2022
NIntInc
YSPAXX
T10.15
MMoney market interest
CR
^
D03/20/2022
NDiv
YVTI
T102.66
MQ1 2022 VTI distribution
CR
^
D03/31/2022
NIntInc
YSPAXX
T6.90
MMoney market interest
CR
^
D04/15/2022
NDiv
YJNJ
T41.67
MQ2 2022 dividend
CR
^
D04/15/2022
NDiv
YPG
T76.48
MQ2 2022 dividend
CR
^
D04/15/2022
NDiv
YKO
T38.05
MQ2 2022 dividend
CR
^
D04/15/2022
NDiv
YBND
T56.09
MQ2 2022 dividend
CR
^
D04/16/2022
NReinvDiv
YPG
I151.09
Q0.5062
T76.48
MDividend reinvestment
CR
^
D04/16/2022
NReinvDiv
YBND
I80.46
Q0.6971
T56.09
MDividend reinvestment
CR
^
D04/20/2022
NBuy
YPG
I152.85
Q26.9001
T4111.68
MPurchase PG
L[Primary Checking]
CR
^
D04/30/2022
NIntInc
YSPAXX
T6.11
MMoney market interest
CR
^
D05/31/2022
NIntInc
YSPAXX
T14.00
MMoney market interest
CR
^
D06/20/2022
NDiv
YVTI
T52.35
MQ2 2022 VTI distribution
CR
^
D06/21/2022
NBuy
YKO
I59.82
Q52.6978
T3152.38
MPurchase KO
L[Primary Checking]
CR
^
D06/30/2022
NIntInc
YSPAXX
T9.56
MMoney market interest
CR
^
D07/15/2022
NDiv
YJNJ
T29.48
MQ3 2022 dividend
CR
^
D07/15/2022
NDiv
YPG
T48.05
MQ3 2022 dividend
CR
^
D07/15/2022
NDiv
YKO
T56.44
MQ3 2022 dividend
CR
^
D07/15/2022
NDiv
YBND
T77.03
MQ3 2022 dividend
CR
^
D07/16/2022
NReinvDiv
YPG
I156.51
Q0.307
T48.05
MDividend reinvestment
CR
^
D07/16/2022
NReinvDiv
YKO
I62.76
Q0.8993
T56.44
MDividend reinvestment
CR
^
D07/31/2022
NIntInc
YSPAXX
T14.33
MMoney market interest
CR
^
D08/17/2022
NSell
YO
I74.62
Q7.78
T580.54
MSell O
L[Primary Checking]
CR
^
D08/31/2022
NIntInc
YSPAXX
T9.59
MMoney market interest
CR
^
D09/20/2022
NDiv
YVTI
T51.42
MQ3 2022 VTI distribution
CR
^
D09/30/2022
NIntInc
YSPAXX
T3.39
MMoney market interest
CR
^
D10/15/2022
NDiv
YJNJ
T31.23
MQ4 2022 dividend
CR
^
D10/15/2022
NDiv
YPG
T75.14
MQ4 2022 dividend
CR
^
D10/15/2022
NDiv
YKO
T62.20
MQ4 2022 dividend
CR
^
D10/15/2022
NDiv
YBND
T34.10
MQ4 2022 dividend
CR
^
D10/16/2022
NReinvDiv
YJNJ
I156.97
Q0.199
T31.23
MDividend reinvestment
CR
^
D10/16/2022
NReinvDiv
YPG
I163.76
Q0.4588
T75.14
MDividend reinvestment
CR
^
D10/16/2022
NReinvDiv
YKO
I62.11
Q1.0014
T62.20
MDividend reinvestment
CR
^
D10/16/2022
NReinvDiv
YBND
I87.05
Q0.3917
T34.10
MDividend reinvestment
CR
^
D10/28/2022
NSell
YIVV
I449.70
Q16.78
T7545.97
MSell IVV
L[Primary Checking]
CR
^
D10/31/2022
NIntInc
YSPAXX
T12.87
MMoney market interest
CR
^
D11/10/2022
NBuy
YIVV
I460.80
Q6.9885
T3220.29
MPurchase IVV
L[Primary Checking]
CR
^
D11/18/2022
NBuy
YJNJ
I179.50
Q23.4753
T4213.81
MPurchase JNJ
L[Primary Checking]
CR
^
D11/30/2022
NIntInc
YSPAXX
T10.90
MMoney market interest
CR
^
D12/09/2022
NSell
YJNJ
I171.69
Q16.86
T2894.69
M2022 rebalancing - reduce JNJ
CR
^
D12/10/2022
NBuy
YVTI
I221.28
Q13.0816
T2894.69
M2022 rebalancing - increase VTI
CR
^
D12/20/2022
NDiv
YVTI
T100.70
MQ4 2022 VTI distribution
CR
^
D12/25/2022
NCGLong
YVTI
T123.65
M2022 long-term capital gains distribution
CR
^
D12/31/2022
NIntInc
YSPAXX
T9.93
MMoney market interest
CR
^
D01/13/2023
NSell
YVXUS
I58.73
Q16.15
T948.49
MSell VXUS
L[Primary Checking]
CR
^
D01/15/2023
NDiv
YJNJ
T60.14
MQ1 2023 dividend
CR
^
D01/15/2023
NDiv
YPG
T65.69
MQ1 2023 dividend
CR
^
D01/15/2023
NDiv
YKO
T42.51
MQ1 2023 dividend
CR
^
D01/15/2023
NDiv
YBND
T77.78
MQ1 2023 dividend
CR
^
D01/16/2023
NReinvDiv
YJNJ
I157.72
Q0.3813
T60.14
MDividend reinvestment
CR
^
D01/16/2023
NReinvDiv
YPG
I161.58
Q0.4065
T65.69
MDividend reinvestment
CR
^
D01/31/2023
NIntInc
YSPAXX
T10.95
MMoney market interest
CR
^
D02/28/2023
NIntInc
YSPAXX
T5.42
MMoney market interest
CR
^
D03/20/2023
NDiv
YVTI
T116.87
MQ1 2023 VTI distribution
CR
^
D03/31/2023
NIntInc
YSPAXX
T4.88
MMoney market interest
CR
^
D04/15/2023
NDiv
YJNJ
T16.94
MQ2 2023 dividend
CR
^
D04/15/2023
NDiv
YPG
T54.99
MQ2 2023 dividend
CR
^
D04/15/2023
NDiv
YKO
T71.34
MQ2 2023 dividend
CR
^
D04/15/2023
NDiv
YBND
T61.53
MQ2 2023 dividend
CR
^
D04/16/2023
NReinvDiv
YBND
I85.38
Q0.7207
T61.53
MDividend reinvestment
CR
^
D04/17/2023
NSell
YIVV
I443.38
Q10.06
T4460.40
MSell IVV
L[Primary Checking]
CR
^
D04/25/2023
NBuy
YMSFT
I279.95
Q15.9819
T4474.13
MPurchase MSFT
L[Primary Checking]
CR
^
D04/30/2023
NIntInc
YSPAXX
T5.83
MMoney market interest
CR
^
D05/28/2023
NSell
YSPY
I472.80
Q10.06
T4756.37
MSell SPY
L[Primary Checking]
CR
^
D05/31/2023
NIntInc
YSPAXX
T8.97
MMoney market interest
CR
^
D06/14/2023
NShrsIn
YAAPL
I157.91
Q10
T1579.10
MTransfer from IRA
CR
^
D06/20/2023
NDiv
YVTI
T100.81
MQ2 2023 VTI distribution
CR
^
D06/30/2023
NIntInc
YSPAXX
T3.47
MMoney market interest
CR
^
D07/15/2023
NDiv
YJNJ
T45.91
MQ3 2023 dividend
CR
^
D07/15/2023
NDiv
YPG
T31.51
MQ3 2023 dividend
CR
^
D07/15/2023
NDiv
YKO
T27.78
MQ3 2023 dividend
CR
^
D07/15/2023
NDiv
YBND
T45.59
MQ3 2023 dividend
CR
^
D07/16/2023
NReinvDiv
YJNJ
I155.14
Q0.2959
T45.91
MDividend reinvestment
CR
^
D07/16/2023
NReinvDiv
YPG
I158.26
Q0.1991
T31.51
MDividend reinvestment
CR
^
D07/16/2023
NReinvDiv
YKO
I56.73
Q0.4897
T27.78
MDividend reinvestment
CR
^
D07/16/2023
NReinvDiv
YBND
I80.27
Q0.568
T45.59
MDividend reinvestment
CR
^
D07/31/2023
NIntInc
YSPAXX
T5.01
MMoney market interest
CR
^
D07/31/2023
NSell
YAMZN
I3290.73
Q6.04
T19876.01
MSell AMZN
L[Primary Checking]
CR
^
D08/31/2023
NIntInc
YSPAXX
T2.84
MMoney market interest
CR
^
D09/20/2023
NDiv
YVTI
T109.95
MQ3 2023 VTI distribution
CR
^
D09/30/2023
NIntInc
YSPAXX
T3.95
MMoney market interest
CR
^
D10/07/2023
NBuy
YIVV
I511.40
Q3.6002
T1841.12
MPurchase IVV
L[Primary Checking]
CR
^
D10/15/2023
NDiv
YJNJ
T58.18
MQ4 2023 dividend
CR
^
D10/15/2023
NDiv
YPG
T41.43
MQ4 2023 dividend
CR
^
D10/15/2023
NDiv
YKO
T59.41
MQ4 2023 dividend
CR
^
D10/15/2023
NDiv
YBND
T52.28
MQ4 2023 dividend
CR
^
D10/16/2023
NReinvDiv
YJNJ
I171.21
Q0.3398
T58.18
MDividend reinvestment
CR
^
D10/16/2023
NReinvDiv
YKO
I57.80
Q1.0279
T59.41
MDividend reinvestment
CR
^
D10/31/2023
NIntInc
YSPAXX
T3.74
MMoney market interest
CR
^
D11/30/2023
NIntInc
YSPAXX
T6.95
MMoney market interest
CR
^
D12/09/2023
NSell
YJNJ
I158.84
Q10.76
T1709.12
M2023 rebalancing - reduce JNJ
CR
^
D12/10/2023
NBuy
YSPY
I434.95
Q3.9295
T1709.12
M2023 rebalancing - increase SPY
CR
^
D12/20/2023
NDiv
YVTI
T60.67
MQ4 2023 VTI distribution
CR
^
D12/25/2023
NCGLong
YVTI
T167.36
M2023 long-term capital gains distribution
CR
^
D12/31/2023
NIntInc
YSPAXX
T2.48
MMoney market interest
CR
^
D01/03/2024
NBuy
YBND
I87.77
Q52.0549
T4568.86
MPurchase BND
L[Primary Checking]
CR
^
D01/15/2024
NDiv
YJNJ
T22.21
MQ1 2024 dividend
CR
^
D01/15/2024
NDiv
YPG
T66.46
MQ1 2024 dividend
CR
^
D01/15/2024
NDiv
YKO
T35.38
MQ1 2024 dividend
CR
^
D01/15/2024
NDiv
YBND
T46.33
MQ1 2024 dividend
CR
^
D01/16/2024
NReinvDiv
YJNJ
I160.95
Q0.138
T22.21
MDividend reinvestment
CR
^
D01/16/2024
NReinvDiv
YPG
I158.09
Q0.4204
T66.46
MDividend reinvestment
CR
^
D01/31/2024
NIntInc
YSPAXX
T6.91
MMoney market interest
CR
^
D02/08/2024
NSell
YVXUS
I54.48
Q19.31
T1052.01
MSell VXUS
L[Primary Checking]
CR
^
D02/29/2024
NIntInc
YSPAXX
T14.87
MMoney market interest
CR
^
D03/20/2024
NDiv
YVTI
T111.24
MQ1 2024 VTI distribution
CR
^
D03/27/2024
NBuy
YJNJ
I155.37
Q17.0178
T2644.05
MPurchase JNJ
L[Primary Checking]
CR
^
D03/31/2024
NIntInc
YSPAXX
T6.56
MMoney market interest
CR
^
D04/15/2024
NDiv
YJNJ
T22.01
MQ2 2024 dividend
CR
^
D04/15/2024
NDiv
YPG
T61.28
MQ2 2024 dividend
CR
^
D04/15/2024
NDiv
YKO
T78.20
MQ2 2024 dividend
CR
^
D04/15/2024
NDiv
YBND
T37.86
MQ2 2024 dividend
CR
^
D04/30/2024
NIntInc
YSPAXX
T13.94
MMoney market interest
CR
^
D05/08/2024
NBuy
YSPY
I455.73
Q3.3798
T1540.29
MPurchase SPY
L[Primary Checking]
CR
^
D05/31/2024
NIntInc
YSPAXX
T8.62
MMoney market interest
CR
^
D06/20/2024
NDiv
YVTI
T95.39
MQ2 2024 VTI distribution
CR
^
D06/30/2024
NIntInc
YSPAXX
T9.50
MMoney market interest
CR
^
D07/10/2024
NSell
YVZ
I47.14
Q10.01
T471.87
MSell VZ
L[Primary Checking]
CR
^
D07/15/2024
NDiv
YJNJ
T24.92
MQ3 2024 dividend
CR
^
D07/15/2024
NDiv
YPG
T28.99
MQ3 2024 dividend
CR
^
D07/15/2024
NDiv
YKO
T21.51
MQ3 2024 dividend
CR
^
D07/15/2024
NDiv
YBND
T71.67
MQ3 2024 dividend
CR
^
D07/16/2024
NReinvDiv
YKO
I64.55
Q0.3332
T21.51
MDividend reinvestment
CR
^
D07/16/2024
NReinvDiv
YBND
I73.50
Q0.9751
T71.67
MDividend reinvestment
CR
^
D07/31/2024
NIntInc
YSPAXX
T7.08
MMoney market interest
CR
^
D08/31/2024
NIntInc
YSPAXX
T2.89
MMoney market interest
CR
^
D09/20/2024
NDiv
YVTI
T128.23
MQ3 2024 VTI distribution
CR
^
D09/30/2024
NIntInc
YSPAXX
T4.37
MMoney market interest
CR
^
D10/15/2024
NDiv
YJNJ
T41.17
MQ4 2024 dividend
CR
^
D10/15/2024
NDiv
YPG
T37.20
MQ4 2024 dividend
CR
^
D10/15/2024
NDiv
YKO
T27.39
MQ4 2024 dividend
CR
^
D10/15/2024
NDiv
YBND
T70.08
MQ4 2024 dividend
CR
^
D10/16/2024
NReinvDiv
YJNJ
I162.44
Q0.2534
T41.17
MDividend reinvestment
CR
^
D10/16/2024
NReinvDiv
YPG
I134.28
Q0.277
T37.20
MDividend reinvestment
CR
^
D10/16/2024
NReinvDiv
YKO
I61.04
Q0.4487
T27.39
MDividend reinvestment
CR
^
D10/31/2024
NIntInc
YSPAXX
T10.06
MMoney market interest
CR
^
D11/20/2024
NBuy
YJNJ
I198.40
Q12.3951
T2459.18
MPurchase JNJ
L[Primary Checking]
CR
^
D11/30/2024
NIntInc
YSPAXX
T7.56
MMoney market interest
CR
^
D12/08/2024
NBuy
YPG
I135.79
Q29.3269
T3982.30
MPurchase PG
L[Primary Checking]
CR
^
D12/09/2024
NSell
YPG
I145.61
Q13.2
T1922.05
M2024 rebalancing - reduce PG
CR
^
D12/10/2024
NBuy
YVXUS
I57.06
Q33.6847
T1922.05
M2024 rebalancing - increase VXUS
CR
^
D12/20/2024
NDiv
YVTI
T51.84
MQ4 2024 VTI distribution
CR
^
D12/25/2024
NCGLong
YVTI
T209.74
M2024 long-term capital gains distribution
CR
^
!Account
N401k - Employer
TInvst
^
!Type:Invst
D01/13/2022
NContribX
YVTIVX
I45.83
Q16.3648
T750.00
M401k employee contribution
L[Primary Checking]
CR
^
D01/13/2022
NContribX
YVTIVX
I45.83
Q8.1824
T375.00
M401k employer match
CR
^
D01/27/2022
NContribX
YVTIVX
I46.96
Q15.971
T750.00
M401k employee contribution
L[Primary Checking]
CR
^
D01/27/2022
NContribX
YVTIVX
I46.96
Q7.9855
T375.00
M401k employer match
CR
^
D02/10/2022
NContribX
YVTIVX
I46.58
Q16.1013
T750.00
M401k employee contribution
L[Primary Checking]
CR
^
D02/10/2022
NContribX
YVTIVX
I46.58
Q8.0507
T375.00
M401k employer match
CR
^
D02/24/2022
NContribX
YVTIVX
I42.91
Q17.4784
T750.00
M401k employee contribution
L[Primary Checking]
CR
^
D02/24/2022
NContribX
YVTIVX
I42.91
Q8.7392
T375.00
M401k employer match
CR
^
D03/10/2022
NContribX
YVTIVX
I42.90
Q17.4825
T750.00
M401k employee contribution
L[Primary Checking]
CR
^
D03/10/2022
NContribX
YVTIVX
I42.90
Q8.7413
T375.00
M401k employer match
CR
^
D03/24/2022
NContribX
YVTIVX
I43.46
Q17.2572
T750.00
M401k employee contribution
L[Primary Checking]
CR
^
D03/24/2022
NContribX
YVTIVX
I43.46
Q8.6286
T375.00
M401k employer match
CR
^
D04/07/2022
NContribX
YVTIVX
I43.87
Q17.096
T750.00
M401k employee contribution
L[Primary Checking]
CR
^
D04/07/2022
NContribX
YVTIVX
I43.87
Q8.548
T375.00
M401k employer match
CR
^
D04/21/2022
NContribX
YVTIVX
I44.17
Q16.9799
T750.00
M401k employee contribution
L[Primary Checking]
CR
^
D04/21/2022
NContribX
YVTIVX
I44.17
Q8.4899
T375.00
M401k employer match
CR
^
D05/05/2022
NContribX
YVTIVX
I45.52
Q16.4763
T750.00
M401k employee contribution
L[Primary Checking]
CR
^
D05/05/2022
NContribX
YVTIVX
I45.52
Q8.2381
T375.00
M401k employer match
CR
^
D05/19/2022
NContribX
YVTIVX
I47.62
Q15.7497
T750.00
M401k employee contribution
L[Primary Checking]
CR
^
D05/19/2022
NContribX
YVTIVX
I47.62
Q7.8748
T375.00
M401k employer match
CR
^
D06/02/2022
NContribX
YVTIVX
I46.57
Q16.1048
T750.00
M401k employee contribution
L[Primary Checking]
CR
^
D06/02/2022
NContribX
YVTIVX
I46.57
Q8.0524
T375.00
M401k employer match
CR
^
D06/16/2022
NContribX
YVTIVX
I46.93
Q15.9812
T750.00
M401k employee contribution
L[Primary Checking]
CR
^
D06/16/2022
NContribX
YVTIVX
I46.93
Q7.9906
T375.00
M401k employer match
CR
^
D06/30/2022
NContribX
YVTIVX
I47.36
Q15.8361
T750.00
M401k employee contribution
L[Primary Checking]
CR
^
D06/30/2022
NContribX
YVTIVX
I47.36
Q7.9181
T375.00
M401k employer match
CR
^
D07/14/2022
NContribX
YVTIVX
I47.56
Q15.7696
T750.00
M401k employee contribution
L[Primary Checking]
CR
^
D07/14/2022
NContribX
YVTIVX
I47.56
Q7.8848
T375.00
M401k employer match
CR
^
D07/28/2022
NContribX
YVTIVX
I45.28
Q16.5636
T750.00
M401k employee contribution
L[Primary Checking]
CR
^
D07/28/2022
NContribX
YVTIVX
I45.28
Q8.2818
T375.00
M401k employer match
CR
^
D08/11/2022
NContribX
YVTIVX
I43.89
Q17.0882
T750.00
M401k employee contribution
L[Primary Checking]
CR
^
D08/11/2022
NContribX
YVTIVX
I43.89
Q8.5441
T375.00
M401k employer match
CR
^
D08/25/2022
NContribX
YVTIVX
I43.72
Q17.1546
T750.00
M401k employee contribution
L[Primary Checking]
CR
^
D08/25/2022
NContribX
YVTIVX
I43.72
Q8.5773
T375.00
M401k employer match
CR
^
D09/08/2022
NContribX
YVTIVX
I47.92
Q15.6511
T750.00
M401k employee contribution
L[Primary Checking]
CR
^
D09/08/2022
NContribX
YVTIVX
I47.92
Q7.8255
T375.00
M401k employer match
CR
^
D09/22/2022
NContribX
YVTIVX
I43.75
Q17.1429
T750.00
M401k employee contribution
L[Primary Checking]
CR
^
D09/22/2022
NContribX
YVTIVX
I43.75
Q8.5714
T375.00
M401k employer match
CR
^
D10/06/2022
NContribX
YVTIVX
I46.75
Q16.0428
T750.00
M401k employee contribution
L[Primary Checking]
CR
^
D10/06/2022
NContribX
YVTIVX
I46.75
Q8.0214
T375.00
M401k employer match
CR
^
D10/20/2022
NContribX
YVTIVX
I47.52
Q15.7828
T750.00
M401k employee contribution
L[Primary Checking]
CR
^
D10/20/2022
NContribX
YVTIVX
I47.52
Q7.8914
T375.00
M401k employer match
CR
^
D11/03/2022
NContribX
YVTIVX
I47.82
Q15.6838
T750.00
M401k employee contribution
L[Primary Checking]
CR
^
D11/03/2022
NContribX
YVTIVX
I47.82
Q7.8419
T375.00
M401k employer match
CR
^
D11/17/2022
NContribX
YVTIVX
I46.16
Q16.2478
T750.00
M401k employee contribution
L[Primary Checking]
CR
^
D11/17/2022
NContribX
YVTIVX
I46.16
Q8.1239
T375.00
M401k employer match
CR
^
D12/01/2022
NContribX
YVTIVX
I46.86
Q16.0051
T750.00
M401k employee contribution
L[Primary Checking]
CR
^
D12/01/2022
NContribX
YVTIVX
I46.86
Q8.0026
T375.00
M401k employer match
CR
^
D12/15/2022
NContribX
YVTIVX
I43.69
Q17.1664
T750.00
M401k employee contribution
L[Primary Checking]
CR
^
D12/15/2022
NContribX
YVTIVX
I43.69
Q8.5832
T375.00
M401k employer match
CR
^
D12/29/2022
NContribX
YVTIVX
I43.00
Q17.4419
T750.00
M401k employee contribution
L[Primary Checking]
CR
^
D12/29/2022
NContribX
YVTIVX
I43.00
Q8.7209
T375.00
M401k employer match
CR
^
D01/12/2023
NContribX
YVTIVX
I43.52
Q17.2335
T750.00
M401k employee contribution
L[Primary Checking]
CR
^
D01/12/2023
NContribX
YVTIVX
I43.52
Q8.6167
T375.00
M401k employer match
CR
^
D01/26/2023
NContribX
YVTIVX
I49.17
Q15.2532
T750.00
M401k employee contribution
L[Primary Checking]
CR
^
D01/26/2023
NContribX
YVTIVX
I49.17
Q7.6266
T375.00
M401k employer match
CR
^
D02/09/2023
NContribX
YVTIVX
I42.89
Q17.4866
T750.00
M401k employee contribution
L[Primary Checking]
CR
^
D02/09/2023
NContribX
YVTIVX
I42.89
Q8.7433
T375.00
M401k employer match
CR
^
D02/23/2023
NContribX
YVTIVX
I47.94
Q15.6446
T750.00
M401k employee contribution
L[Primary Checking]
CR
^
D02/23/2023
NContribX
YVTIVX
I47.94
Q7.8223
T375.00
M401k employer match
CR
^
D03/09/2023
NContribX
YVTIVX
I50.14
Q14.9581
T750.00
M401k employee contribution
L[Primary Checking]
CR
^
D03/09/2023
NContribX
YVTIVX
I50.14
Q7.4791
T375.00
M401k employer match
CR
^
D03/23/2023
NContribX
YVTIVX
I43.89
Q17.0882
T750.00
M401k employee contribution
L[Primary Checking]
CR
^
D03/23/2023
NContribX
YVTIVX
I43.89
Q8.5441
T375.00
M401k employer match
CR
^
D04/06/2023
NContribX
YVTIVX
I44.13
Q16.9952
T750.00
M401k employee contribution
L[Primary Checking]
CR
^
D04/06/2023
NContribX
YVTIVX
I44.13
Q8.4976
T375.00
M401k employer match
CR
^
D04/20/2023
NContribX
YVTIVX
I43.73
Q17.1507
T750.00
M401k employee contribution
L[Primary Checking]
CR
^
D04/20/2023
NContribX
YVTIVX
I43.73
Q8.5753
T375.00
M401k employer match
CR
^
D05/04/2023
NContribX
YVTIVX
I45.11
Q16.626
T750.00
M401k employee contribution
L[Primary Checking]
CR
^
D05/04/2023
NContribX
YVTIVX
I45.11
Q8.313
T375.00
M401k employer match
CR
^
D05/18/2023
NContribX
YVTIVX
I46.52
Q16.1221
T750.00
M401k employee contribution
L[Primary Checking]
CR
^
D05/18/2023
NContribX
YVTIVX
I46.52
Q8.061
T375.00
M401k employer match
CR
^
D06/01/2023
NContribX
YVTIVX
I47.50
Q15.7895
T750.00
M401k employee contribution
L[Primary Checking]
CR
^
D06/01/2023
NContribX
YVTIVX
I47.50
Q7.8947
T375.00
M401k employer match
CR
^
D06/15/2023
NContribX
YVTIVX
I46.87
Q16.0017
T750.00
M401k employee contribution
L[Primary Checking]
CR
^
D06/15/2023
NContribX
YVTIVX
I46.87
Q8.0009
T375.00
M401k employer match
CR
^
D06/29/2023
NContribX
YVTIVX
I47.99
Q15.6283
T750.00
M401k employee contribution
L[Primary Checking]
CR
^
D06/29/2023
NContribX
YVTIVX
I47.99
Q7.8141
T375.00
M401k employer match
CR
^
D07/13/2023
NContribX
YVTIVX
I52.08
Q14.4009
T750.00
M401k employee contribution
L[Primary Checking]
CR
^
D07/13/2023
NContribX
YVTIVX
I52.08
Q7.2005
T375.00
M401k employer match
CR
^
D07/27/2023
NContribX
YVTIVX
I47.50
Q15.7895
T750.00
M401k employee contribution
L[Primary Checking]
CR
^
D07/27/2023
NContribX
YVTIVX
I47.50
Q7.8947
T375.00
M401k employer match
CR
^
D08/10/2023
NContribX
YVTIVX
I48.92
Q15.3312
T750.00
M401k employee contribution
L[Primary Checking]
CR
^
D08/10/2023
NContribX
YVTIVX
I48.92
Q7.6656
T375.00
M401k employer match
CR
^
D08/24/2023
NContribX
YVTIVX
I45.34
Q16.5417
T750.00
M401k employee contribution
L[Primary Checking]
CR
^
D08/24/2023
NContribX
YVTIVX
I45.34
Q8.2708
T375.00
M401k employer match
CR
^
D09/07/2023
NContribX
YVTIVX
I47.24
Q15.8764
T750.00
M401k employee contribution
L[Primary Checking]
CR
^
D09/07/2023
NContribX
YVTIVX
I47.24
Q7.9382
T375.00
M401k employer match
CR
^
D09/21/2023
NContribX
YVTIVX
I44.94
Q16.6889
T750.00
M401k employee contribution
L[Primary Checking]
CR
^
D09/21/2023
NContribX
YVTIVX
I44.94
Q8.3445
T375.00
M401k employer match
CR
^
D10/05/2023
NContribX
YVTIVX
I46.72
Q16.0531
T750.00
M401k employee contribution
L[Primary Checking]
CR
^
D10/05/2023
NContribX
YVTIVX
I46.72
Q8.0265
T375.00
M401k employer match
CR
^
D10/19/2023
NContribX
YVTIVX
I49.99
Q15.003
T750.00
M401k employee contribution
L[Primary Checking]
CR
^
D10/19/2023
NContribX
YVTIVX
I49.99
Q7.5015
T375.00
M401k employer match
CR
^
D11/02/2023
NContribX
YVTIVX
I48.96
Q15.3186
T750.00
M401k employee contribution
L[Primary Checking]
CR
^
D11/02/2023
NContribX
YVTIVX
I48.96
Q7.6593
T375.00
M401k employer match
CR
^
D11/16/2023
NContribX
YVTIVX
I41.28
Q18.1686
T750.00
M401k employee contribution
L[Primary Checking]
CR
^
D11/16/2023
NContribX
YVTIVX
I41.28
Q9.0843
T375.00
M401k employer match
CR
^
D11/30/2023
NContribX
YVTIVX
I49.07
Q15.2843
T750.00
M401k employee contribution
L[Primary Checking]
CR
^
D11/30/2023
NContribX
YVTIVX
I49.07
Q7.6421
T375.00
M401k employer match
CR
^
D12/14/2023
NContribX
YVTIVX
I46.79
Q16.0291
T750.00
M401k employee contribution
L[Primary Checking]
CR
^
D12/14/2023
NContribX
YVTIVX
I46.79
Q8.0145
T375.00
M401k employer match
CR
^
D12/28/2023
NContribX
YVTIVX
I45.23
Q16.5819
T750.00
M401k employee contribution
L[Primary Checking]
CR
^
D12/28/2023
NContribX
YVTIVX
I45.23
Q8.291
T375.00
M401k employer match
CR
^
D01/11/2024
NContribX
YVTIVX
I42.89
Q17.4866
T750.00
M401k employee contribution
L[Primary Checking]
CR
^
D01/11/2024
NContribX
YVTIVX
I42.89
Q8.7433
T375.00
M401k employer match
CR
^
D01/25/2024
NContribX
YVTIVX
I46.78
Q16.0325
T750.00
M401k employee contribution
L[Primary Checking]
CR
^
D01/25/2024
NContribX
YVTIVX
I46.78
Q8.0162
T375.00
M401k employer match
CR
^
D02/08/2024
NContribX
YVTIVX
I42.01
Q17.8529
T750.00
M401k employee contribution
L[Primary Checking]
CR
^
D02/08/2024
NContribX
YVTIVX
I42.01
Q8.9264
T375.00
M401k employer match
CR
^
D02/22/2024
NContribX
YVTIVX
I54.02
Q13.8837
T750.00
M401k employee contribution
L[Primary Checking]
CR
^
D02/22/2024
NContribX
YVTIVX
I54.02
Q6.9419
T375.00
M401k employer match
CR
^
D03/07/2024
NContribX
YVTIVX
I45.91
Q16.3363
T750.00
M401k employee contribution
L[Primary Checking]
CR
^
D03/07/2024
NContribX
YVTIVX
I45.91
Q8.1682
T375.00
M401k employer match
CR
^
D03/21/2024
NContribX
YVTIVX
I44.33
Q16.9186
T750.00
M401k employee contribution
L[Primary Checking]
CR
^
D03/21/2024
NContribX
YVTIVX
I44.33
Q8.4593
T375.00
M401k employer match
CR
^
D04/04/2024
NContribX
YVTIVX
I44.83
Q16.7299
T750.00
M401k employee contribution
L[Primary Checking]
CR
^
D04/04/2024
NContribX
YVTIVX
I44.83
Q8.3649
T375.00
M401k employer match
CR
^
D04/18/2024
NContribX
YVTIVX
I45.83
Q16.3648
T750.00
M401k employee contribution
L[Primary Checking]
CR
^
D04/18/2024
NContribX
YVTIVX
I45.83
Q8.1824
T375.00
M401k employer match
CR
^
D05/02/2024
NContribX
YVTIVX
I44.96
Q16.6815
T750.00
M401k employee contribution
L[Primary Checking]
CR
^
D05/02/2024
NContribX
YVTIVX
I44.96
Q8.3407
T375.00
M401k employer match
CR
^
D05/16/2024
NContribX
YVTIVX
I45.15
Q16.6113
T750.00
M401k employee contribution
L[Primary Checking]
CR
^
D05/16/2024
NContribX
YVTIVX
I45.15
Q8.3056
T375.00
M401k employer match
CR
^
D05/30/2024
NContribX
YVTIVX
I53.28
Q14.0766
T750.00
M401k employee contribution
L[Primary Checking]
CR
^
D05/30/2024
NContribX
YVTIVX
I53.28
Q7.0383
T375.00
M401k employer match
CR
^
D06/13/2024
NContribX
YVTIVX
I49.42
Q15.176
T750.00
M401k employee contribution
L[Primary Checking]
CR
^
D06/13/2024
NContribX
YVTIVX
I49.42
Q7.588
T375.00
M401k employer match
CR
^
D06/27/2024
NContribX
YVTIVX
I48.90
Q15.3374
T750.00
M401k employee contribution
L[Primary Checking]
CR
^
D06/27/2024
NContribX
YVTIVX
I48.90
Q7.6687
T375.00
M401k employer match
CR
^
D07/11/2024
NContribX
YVTIVX
I53.57
Q14.0004
T750.00
M401k employee contribution
L[Primary Checking]
CR
^
D07/11/2024
NContribX
YVTIVX
I53.57
Q7.0002
T375.00
M401k employer match
CR
^
D07/25/2024
NContribX
YVTIVX
I45.53
Q16.4727
T750.00
M401k employee contribution
L[Primary Checking]
CR
^
D07/25/2024
NContribX
YVTIVX
I45.53
Q8.2363
T375.00
M401k employer match
CR
^
D08/08/2024
NContribX
YVTIVX
I42.05
Q17.8359
T750.00
M401k employee contribution
L[Primary Checking]
CR
^
D08/08/2024
NContribX
YVTIVX
I42.05
Q8.918
T375.00
M401k employer match
CR
^
D08/22/2024
NContribX
YVTIVX
I49.65
Q15.1057
T750.00
M401k employee contribution
L[Primary Checking]
CR
^
D08/22/2024
NContribX
YVTIVX
I49.65
Q7.5529
T375.00
M401k employer match
CR
^
D09/05/2024
NContribX
YVTIVX
I45.64
Q16.433
T750.00
M401k employee contribution
L[Primary Checking]
CR
^
D09/05/2024
NContribX
YVTIVX
I45.64
Q8.2165
T375.00
M401k employer match
CR
^
D09/19/2024
NContribX
YVTIVX
I48.07
Q15.6022
T750.00
M401k employee contribution
L[Primary Checking]
CR
^
D09/19/2024
NContribX
YVTIVX
I48.07
Q7.8011
T375.00
M401k employer match
CR
^
D10/03/2024
NContribX
YVTIVX
I44.57
Q16.8275
T750.00
M401k employee contribution
L[Primary Checking]
CR
^
D10/03/2024
NContribX
YVTIVX
I44.57
Q8.4137
T375.00
M401k employer match
CR
^
D10/17/2024
NContribX
YVTIVX
I43.07
Q17.4135
T750.00
M401k employee contribution
L[Primary Checking]
CR
^
D10/17/2024
NContribX
YVTIVX
I43.07
Q8.7068
T375.00
M401k employer match
CR
^
D10/31/2024
NContribX
YVTIVX
I47.09
Q15.9269
T750.00
M401k employee contribution
L[Primary Checking]
CR
^
D10/31/2024
NContribX
YVTIVX
I47.09
Q7.9635
T375.00
M401k employer match
CR
^
D11/14/2024
NContribX
YVTIVX
I47.66
Q15.7365
T750.00
M401k employee contribution
L[Primary Checking]
CR
^
D11/14/2024
NContribX
YVTIVX
I47.66
Q7.8682
T375.00
M401k employer match
CR
^
D11/28/2024
NContribX
YVTIVX
I53.55
Q14.0056
T750.00
M401k employee contribution
L[Primary Checking]
CR
^
D11/28/2024
NContribX
YVTIVX
I53.55
Q7.0028
T375.00
M401k employer match
CR
^
D12/12/2024
NContribX
YVTIVX
I40.21
Q18.6521
T750.00
M401k employee contribution
L[Primary Checking]
CR
^
D12/12/2024
NContribX
YVTIVX
I40.21
Q9.326
T375.00
M401k employer match
CR
^
D12/26/2024
NContribX
YVTIVX
I41.78
Q17.9512
T750.00
M401k employee contribution
L[Primary Checking]
CR
^
D12/26/2024
NContribX
YVTIVX
I41.78
Q8.9756
T375.00
M401k employer match
CR
^
!Account
NRoth IRA
TInvst
^
!Type:Invst
D03/31/2022
NContribX
YFXAIX
I167.08
Q38.9035
T6500.00
M2022 Roth IRA contribution
L[Primary Checking]
CR
^
D05/23/2022
NBuy
YFSKAX
I133.63
Q5.4014
T721.79
MIRA purchase FSKAX
CR
^
D10/25/2022
NBuy
YFXAIX
I179.25
Q6.0317
T1081.19
MIRA purchase FXAIX
CR
^
D12/10/2022
NBuy
YVTIVX
I49.22
Q18.781
T924.40
MIRA purchase VTIVX
CR
^
D03/31/2023
NContribX
YFXAIX
I179.13
Q36.2865
T6500.00
M2023 Roth IRA contribution
L[Primary Checking]
CR
^
D04/25/2023
NBuy
YVBTLX
I10.26
Q171.3801
T1758.36
MIRA purchase VBTLX
CR
^
D06/08/2023
NBuy
YVBTLX
I11.43
Q129.1654
T1476.36
MIRA purchase VBTLX
CR
^
D06/14/2023
NShrsOut
YAAPL
I157.91
Q10
T1579.10
MTransfer to brokerage
CR
^
D03/26/2024
NBuy
YVBTLX
I10.91
Q182.7397
T1993.69
MIRA purchase VBTLX
CR
^
D03/31/2024
NContribX
YFXAIX
I182.54
Q35.6086
T6500.00
M2024 Roth IRA contribution
L[Primary Checking]
CR
^
!Type:Prices
"AAPL",149.29,"12/31/2021"
"MSFT",281.63,"12/31/2021"
"GOOGL",2516.91,"12/31/2021"
"AMZN",3154.38,"12/31/2021"
"NVDA",199.47,"12/31/2021"
"JNJ",162.74,"12/31/2021"
"PG",149.22,"12/31/2021"
"KO",60.20,"12/31/2021"
"VTI",222.69,"12/31/2021"
"VXUS",54.44,"12/31/2021"
"BND",81.28,"12/31/2021"
"SPY",447.34,"12/31/2021"
"IVV",451.02,"12/31/2021"
"FXAIX",169.80,"12/31/2021"
"VTIVX",45.31,"12/31/2021"
"FSKAX",128.38,"12/31/2021"
"VBTLX",11.03,"12/31/2021"
"SPAXX",1.00,"12/31/2021"
"O",70.26,"12/31/2021"
"VZ",49.94,"12/31/2021"
"AAPL",147.33,"01/07/2022"
"MSFT",279.94,"01/07/2022"
"GOOGL",2537.06,"01/07/2022"
"AMZN",3162.87,"01/07/2022"
"NVDA",199.16,"01/07/2022"
"JNJ",164.90,"01/07/2022"
"PG",147.68,"01/07/2022"
"KO",59.98,"01/07/2022"
"VTI",220.79,"01/07/2022"
"VXUS",53.71,"01/07/2022"
"BND",81.67,"01/07/2022"
"SPY",450.18,"01/07/2022"
"IVV",447.81,"01/07/2022"
"FXAIX",167.40,"01/07/2022"
"VTIVX",44.97,"01/07/2022"
"FSKAX",127.43,"01/07/2022"
"VBTLX",11.18,"01/07/2022"
"SPAXX",1.01,"01/07/2022"
"O",70.63,"01/07/2022"
"VZ",49.53,"01/07/2022"
"AAPL",149.50,"01/14/2022"
"MSFT",281.02,"01/14/2022"
"GOOGL",2541.13,"01/14/2022"
"AMZN",3164.04,"01/14/2022"
"NVDA",197.34,"01/14/2022"
"JNJ",167.47,"01/14/2022"
"PG",148.40,"01/14/2022"
"KO",59.78,"01/14/2022"
"VTI",221.05,"01/14/2022"
"VXUS",54.05,"01/14/2022"
"BND",81.40,"01/14/2022"
"SPY",457.00,"01/14/2022"
"IVV",444.49,"01/14/2022"
"FXAIX",166.61,"01/14/2022"
"VTIVX",44.88,"01/14/2022"
"FSKAX",126.07,"01/14/2022"
"VBTLX",11.30,"01/14/2022"
"SPAXX",1.01,"01/14/2022"
"O",69.74,"01/14/2022"
"VZ",49.33,"01/14/2022"
"AAPL",147.86,"01/21/2022"
"MSFT",280.37,"01/21/2022"
"GOOGL",2526.80,"01/21/2022"
"AMZN",3166.33,"01/21/2022"
"NVDA",196.33,"01/21/2022"
"JNJ",166.03,"01/21/2022"
"PG",147.39,"01/21/2022"
"KO",60.16,"01/21/2022"
"VTI",224.01,"01/21/2022"
"VXUS",54.74,"01/21/2022"
"BND",81.36,"01/21/2022"
"SPY",455.13,"01/21/2022"
"IVV",440.32,"01/21/2022"
"FXAIX",165.87,"01/21/2022"
"VTIVX",45.25,"01/21/2022"
"FSKAX",125.00,"01/21/2022"
"VBTLX",11.46,"01/21/2022"
"SPAXX",1.02,"01/21/2022"
"O",69.92,"01/21/2022"
"VZ",49.68,"01/21/2022"
"AAPL",149.09,"01/28/2022"
"MSFT",281.13,"01/28/2022"
"GOOGL",2490.44,"01/28/2022"
"AMZN",3122.04,"01/28/2022"
"NVDA",197.51,"01/28/2022"
"JNJ",164.21,"01/28/2022"
"PG",145.38,"01/28/2022"
"KO",60.57,"01/28/2022"
"VTI",226.89,"01/28/2022"
"VXUS",54.45,"01/28/2022"
"BND",81.29,"01/28/2022"
"SPY",462.21,"01/28/2022"
"IVV",443.11,"01/28/2022"
"FXAIX",166.15,"01/28/2022"
"VTIVX",45.58,"01/28/2022"
"FSKAX",126.72,"01/28/2022"
"VBTLX",11.35,"01/28/2022"
"SPAXX",1.01,"01/28/2022"
"O",70.73,"01/28/2022"
"VZ",49.95,"01/28/2022"
"AAPL",148.65,"02/04/2022"
"MSFT",281.28,"02/04/2022"
"GOOGL",2522.53,"02/04/2022"
"AMZN",3079.51,"02/04/2022"
"NVDA",196.78,"02/04/2022"
"JNJ",162.13,"02/04/2022"
"PG",146.53,"02/04/2022"
"KO",59.93,"02/04/2022"
"VTI",228.87,"02/04/2022"
"VXUS",55.09,"02/04/2022"
"BND",81.81,"02/04/2022"
"SPY",466.15,"02/04/2022"
"IVV",441.42,"02/04/2022"
"FXAIX",167.32,"02/04/2022"
"VTIVX",45.58,"02/04/2022"
"FSKAX",127.55,"02/04/2022"
"VBTLX",11.21,"02/04/2022"
"SPAXX",1.02,"02/04/2022"
"O",70.08,"02/04/2022"
"VZ",50.65,"02/04/2022"
"AAPL",150.45,"02/11/2022"
"MSFT",285.20,"02/11/2022"
"GOOGL",2533.55,"02/11/2022"
"AMZN",3054.08,"02/11/2022"
"NVDA",199.39,"02/11/2022"
"JNJ",160.60,"02/11/2022"
"PG",148.57,"02/11/2022"
"KO",60.38,"02/11/2022"
"VTI",231.61,"02/11/2022"
"VXUS",55.30,"02/11/2022"
"BND",82.31,"02/11/2022"
"SPY",471.60,"02/11/2022"
"IVV",439.94,"02/11/2022"
"FXAIX",165.28,"02/11/2022"
"VTIVX",45.42,"02/11/2022"
"FSKAX",126.21,"02/11/2022"
"VBTLX",11.23,"02/11/2022"
"SPAXX",1.02,"02/11/2022"
"O",71.14,"02/11/2022"
"VZ",51.18,"02/11/2022"
"AAPL",152.10,"02/18/2022"
"MSFT",282.11,"02/18/2022"
"GOOGL",2516.24,"02/18/2022"
"AMZN",3096.32,"02/18/2022"
"NVDA",198.84,"02/18/2022"
"JNJ",161.89,"02/18/2022"
"PG",150.10,"02/18/2022"
"KO",60.33,"02/18/2022"
"VTI",234.12,"02/18/2022"
"VXUS",54.54,"02/18/2022"
"BND",83.41,"02/18/2022"
"SPY",471.08,"02/18/2022"
"IVV",446.32,"02/18/2022"
"FXAIX",164.34,"02/18/2022"
"VTIVX",45.64,"02/18/2022"
"FSKAX",127.54,"02/18/2022"
"VBTLX",11.18,"02/18/2022"
"SPAXX",1.02,"02/18/2022"
"O",71.65,"02/18/2022"
"VZ",51.76,"02/18/2022"
"AAPL",150.24,"02/25/2022"
"MSFT",279.68,"02/25/2022"
"GOOGL",2505.68,"02/25/2022"
"AMZN",3101.25,"02/25/2022"
"NVDA",198.52,"02/25/2022"
"JNJ",159.72,"02/25/2022"
"PG",150.91,"02/25/2022"
"KO",61.14,"02/25/2022"
"VTI",230.81,"02/25/2022"
"VXUS",55.36,"02/25/2022"
"BND",83.74,"02/25/2022"
"SPY",468.35,"02/25/2022"
"IVV",445.38,"02/25/2022"
"FXAIX",164.67,"02/25/2022"
"VTIVX",46.28,"02/25/2022"
"FSKAX",129.28,"02/25/2022"
"VBTLX",11.17,"02/25/2022"
"SPAXX",1.01,"02/25/2022"
"O",72.72,"02/25/2022"
"VZ",52.20,"02/25/2022"
"AAPL",148.59,"03/04/2022"
"MSFT",278.97,"03/04/2022"
"GOOGL",2533.27,"03/04/2022"
"AMZN",3111.51,"03/04/2022"
"NVDA",198.59,"03/04/2022"
"JNJ",161.69,"03/04/2022"
"PG",149.94,"03/04/2022"
"KO",60.86,"03/04/2022"
"VTI",232.56,"03/04/2022"
"VXUS",54.71,"03/04/2022"
"BND",84.80,"03/04/2022"
"SPY",467.42,"03/04/2022"
"IVV",442.82,"03/04/2022"
"FXAIX",166.67,"03/04/2022"
"VTIVX",46.82,"03/04/2022"
"FSKAX",128.37,"03/04/2022"
"VBTLX",11.27,"03/04/2022"
"SPAXX",1.00,"03/04/2022"
"O",72.51,"03/04/2022"
"VZ",51.83,"03/04/2022"
"AAPL",149.41,"03/11/2022"
"MSFT",282.64,"03/11/2022"
"GOOGL",2505.10,"03/11/2022"
"AMZN",3159.74,"03/11/2022"
"NVDA",198.47,"03/11/2022"
"JNJ",163.60,"03/11/2022"
"PG",149.69,"03/11/2022"
"KO",60.23,"03/11/2022"
"VTI",232.11,"03/11/2022"
"VXUS",55.01,"03/11/2022"
"BND",84.41,"03/11/2022"
"SPY",474.26,"03/11/2022"
"IVV",443.74,"03/11/2022"
"FXAIX",167.45,"03/11/2022"
"VTIVX",46.43,"03/11/2022"
"FSKAX",126.78,"03/11/2022"
"VBTLX",11.16,"03/11/2022"
"SPAXX",1.00,"03/11/2022"
"O",73.36,"03/11/2022"
"VZ",52.13,"03/11/2022"
"AAPL",148.97,"03/18/2022"
"MSFT",284.16,"03/18/2022"
"GOOGL",2487.79,"03/18/2022"
"AMZN",3124.50,"03/18/2022"
"NVDA",196.69,"03/18/2022"
"JNJ",161.95,"03/18/2022"
"PG",151.61,"03/18/2022"
"KO",60.50,"03/18/2022"
"VTI",232.99,"03/18/2022"
"VXUS",54.31,"03/18/2022"
"BND",83.83,"03/18/2022"
"SPY",474.72,"03/18/2022"
"IVV",440.17,"03/18/2022"
"FXAIX",166.57,"03/18/2022"
"VTIVX",46.31,"03/18/2022"
"FSKAX",125.37,"03/18/2022"
"VBTLX",11.32,"03/18/2022"
"SPAXX",1.00,"03/18/2022"
"O",73.90,"03/18/2022"
"VZ",52.11,"03/18/2022"
"AAPL",147.06,"03/25/2022"
"MSFT",283.27,"03/25/2022"
"GOOGL",2467.37,"03/25/2022"
"AMZN",3136.68,"03/25/2022"
"NVDA",195.58,"03/25/2022"
"JNJ",159.94,"03/25/2022"
"PG",153.54,"03/25/2022"
"KO",61.07,"03/25/2022"
"VTI",232.39,"03/25/2022"
"VXUS",55.13,"03/25/2022"
"BND",84.07,"03/25/2022"
"SPY",469.71,"03/25/2022"
"IVV",434.75,"03/25/2022"
"FXAIX",165.14,"03/25/2022"
"VTIVX",46.09,"03/25/2022"
"FSKAX",124.40,"03/25/2022"
"VBTLX",11.43,"03/25/2022"
"SPAXX",1.01,"03/25/2022"
"O",73.13,"03/25/2022"
"VZ",51.51,"03/25/2022"
"AAPL",148.02,"04/01/2022"
"MSFT",283.12,"04/01/2022"
"GOOGL",2440.16,"04/01/2022"
"AMZN",3158.28,"04/01/2022"
"NVDA",193.49,"04/01/2022"
"JNJ",160.47,"04/01/2022"
"PG",151.87,"04/01/2022"
"KO",61.19,"04/01/2022"
"VTI",235.35,"04/01/2022"
"VXUS",55.82,"04/01/2022"
"BND",84.64,"04/01/2022"
"SPY",475.08,"04/01/2022"
"IVV",438.20,"04/01/2022"
"FXAIX",162.82,"04/01/2022"
"VTIVX",45.46,"04/01/2022"
"FSKAX",125.26,"04/01/2022"
"VBTLX",11.55,"04/01/2022"
"SPAXX",1.01,"04/01/2022"
"O",73.56,"04/01/2022"
"VZ",51.43,"04/01/2022"
"AAPL",150.23,"04/08/2022"
"MSFT",279.81,"04/08/2022"
"GOOGL",2406.90,"04/08/2022"
"AMZN",3192.26,"04/08/2022"
"NVDA",192.74,"04/08/2022"
"JNJ",160.73,"04/08/2022"
"PG",153.86,"04/08/2022"
"KO",62.14,"04/08/2022"
"VTI",232.38,"04/08/2022"
"VXUS",56.21,"04/08/2022"
"BND",84.95,"04/08/2022"
"SPY",470.59,"04/08/2022"
"IVV",432.41,"04/08/2022"
"FXAIX",162.56,"04/08/2022"
"VTIVX",45.83,"04/08/2022"
"FSKAX",127.02,"04/08/2022"
"VBTLX",11.68,"04/08/2022"
"SPAXX",1.00,"04/08/2022"
"O",72.55,"04/08/2022"
"VZ",51.14,"04/08/2022"
"AAPL",152.54,"04/15/2022"
"MSFT",276.47,"04/15/2022"
"GOOGL",2428.66,"04/15/2022"
"AMZN",3202.52,"04/15/2022"
"NVDA",192.42,"04/15/2022"
"JNJ",159.50,"04/15/2022"
"PG",155.03,"04/15/2022"
"KO",61.50,"04/15/2022"
"VTI",229.23,"04/15/2022"
"VXUS",56.03,"04/15/2022"
"BND",83.92,"04/15/2022"
"SPY",466.07,"04/15/2022"
"IVV",430.16,"04/15/2022"
"FXAIX",161.11,"04/15/2022"
"VTIVX",46.05,"04/15/2022"
"FSKAX",125.43,"04/15/2022"
"VBTLX",11.59,"04/15/2022"
"SPAXX",1.00,"04/15/2022"
"O",71.74,"04/15/2022"
"VZ",51.36,"04/15/2022"
"AAPL",153.87,"04/22/2022"
"MSFT",276.74,"04/22/2022"
"GOOGL",2443.88,"04/22/2022"
"AMZN",3187.39,"04/22/2022"
"NVDA",191.52,"04/22/2022"
"JNJ",160.07,"04/22/2022"
"PG",156.03,"04/22/2022"
"KO",62.45,"04/22/2022"
"VTI",232.41,"04/22/2022"
"VXUS",56.79,"04/22/2022"
"BND",84.58,"04/22/2022"
"SPY",469.28,"04/22/2022"
"IVV",434.19,"04/22/2022"
"FXAIX",160.53,"04/22/2022"
"VTIVX",46.44,"04/22/2022"
"FSKAX",125.51,"04/22/2022"
"VBTLX",11.46,"04/22/2022"
"SPAXX",1.00,"04/22/2022"
"O",71.24,"04/22/2022"
"VZ",50.77,"04/22/2022"
"AAPL",152.22,"04/29/2022"
"MSFT",278.11,"04/29/2022"
"GOOGL",2471.33,"04/29/2022"
"AMZN",3159.34,"04/29/2022"
"NVDA",191.94,"04/29/2022"
"JNJ",159.43,"04/29/2022"
"PG",156.86,"04/29/2022"
"KO",61.67,"04/29/2022"
"VTI",232.79,"04/29/2022"
"VXUS",56.18,"04/29/2022"
"BND",85.51,"04/29/2022"
"SPY",472.93,"04/29/2022"
"IVV",439.13,"04/29/2022"
"FXAIX",158.24,"04/29/2022"
"VTIVX",46.41,"04/29/2022"
"FSKAX",126.89,"04/29/2022"
"VBTLX",11.61,"04/29/2022"
"SPAXX",1.00,"04/29/2022"
"O",70.77,"04/29/2022"
"VZ",51.05,"04/29/2022"
"AAPL",154.48,"05/06/2022"
"MSFT",277.38,"05/06/2022"
"GOOGL",2484.47,"05/06/2022"
"AMZN",3181.89,"05/06/2022"
"NVDA",192.09,"05/06/2022"
"JNJ",158.52,"05/06/2022"
"PG",155.89,"05/06/2022"
"KO",61.43,"05/06/2022"
"VTI",231.74,"05/06/2022"
"VXUS",56.79,"05/06/2022"
"BND",84.78,"05/06/2022"
"SPY",474.07,"05/06/2022"
"IVV",433.64,"05/06/2022"
"FXAIX",158.04,"05/06/2022"
"VTIVX",46.53,"05/06/2022"
"FSKAX",126.03,"05/06/2022"
"VBTLX",11.75,"05/06/2022"
"SPAXX",1.00,"05/06/2022"
"O",70.09,"05/06/2022"
"VZ",51.15,"05/06/2022"
"AAPL",152.65,"05/13/2022"
"MSFT",276.07,"05/13/2022"
"GOOGL",2511.38,"05/13/2022"
"AMZN",3164.60,"05/13/2022"
"NVDA",189.58,"05/13/2022"
"JNJ",160.00,"05/13/2022"
"PG",154.59,"05/13/2022"
"KO",60.75,"05/13/2022"
